PokerStars Zoom Hand #259349861679:  Hold'em No Limit (€0.02/€0.05) - 2026/01/17 17:41:23 CET [2026/01/17 11:41:23 ET]
Table 'Asterope' 6-max Seat #1 is the button
Seat 1: cirsa888 (€4.71 in chips) 
Seat 2: ferm71f (€1.87 in chips) 
Seat 3: idealistslp (€2 in chips) 
Seat 4: Ischadia (€10.84 in chips) 
Seat 5: seriomarkos (€4.93 in chips) 
Seat 6: eooooo (€1.55 in chips) 
ferm71f: posts small blind €0.02
idealistslp: posts big blind €0.05
*** HOLE CARDS ***
Dealt to idealistslp [6h Qh]
Ischadia: folds 
seriomarkos: raises €0.07 to €0.12
eooooo: folds 
cirsa888: raises €0.24 to €0.36
ferm71f: folds 
idealistslp: folds 
seriomarkos: calls €0.24
*** FLOP *** [5s 7s 9h]
seriomarkos: checks 
cirsa888: bets €0.24
seriomarkos: calls €0.24
*** TURN *** [5s 7s 9h] [4d]
seriomarkos: checks 
cirsa888: bets €0.90
seriomarkos: raises €0.99 to €1.89
cirsa888: folds 
Uncalled bet (€0.99) returned to seriomarkos
seriomarkos collected €2.92 from pot
seriomarkos: doesn't show hand 
*** SUMMARY ***
Total pot €3.07 | Rake €0.15 
Board [5s 7s 9h 4d]
Seat 1: cirsa888 (button) folded on the Turn
Seat 2: ferm71f (small blind) folded before Flop
Seat 3: idealistslp (big blind) folded before Flop
Seat 4: Ischadia folded before Flop (didn't bet)
Seat 5: seriomarkos collected (€2.92)
Seat 6: eooooo folded before Flop (didn't bet)



PokerStars Zoom Hand #259349864504:  Hold'em No Limit (€0.02/€0.05) - 2026/01/17 17:41:36 CET [2026/01/17 11:41:36 ET]
Table 'Asterope' 6-max Seat #1 is the button
Seat 1: airgasm974 (€3.93 in chips) 
Seat 2: idealistslp (€1.95 in chips) 
Seat 3: pixussss (€5.71 in chips) 
Seat 4: rafale032 (€5.18 in chips) 
Seat 5: rare12345 (€6.08 in chips) 
Seat 6: adricrack970 (€5.08 in chips) 
idealistslp: posts small blind €0.02
pixussss: posts big blind €0.05
*** HOLE CARDS ***
Dealt to idealistslp [9s Ks]
rafale032: folds 
rare12345: folds 
adricrack970: folds 
airgasm974: raises €0.10 to €0.15
idealistslp: calls €0.13
pixussss: calls €0.10
*** FLOP *** [7h Qc 3d]
idealistslp: bets €0.22
pixussss: folds 
airgasm974: folds 
Uncalled bet (€0.22) returned to idealistslp
idealistslp collected €0.43 from pot
idealistslp: doesn't show hand 
*** SUMMARY ***
Total pot €0.45 | Rake €0.02 
Board [7h Qc 3d]
Seat 1: airgasm974 (button) folded on the Flop
Seat 2: idealistslp (small blind) collected (€0.43)
Seat 3: pixussss (big blind) folded on the Flop
Seat 4: rafale032 folded before Flop (didn't bet)
Seat 5: rare12345 folded before Flop (didn't bet)
Seat 6: adricrack970 folded before Flop (didn't bet)



PokerStars Zoom Hand #259349873228:  Hold'em No Limit (€0.02/€0.05) - 2026/01/17 17:42:18 CET [2026/01/17 11:42:18 ET]
Table 'Asterope' 6-max Seat #1 is the button
Seat 1: rafale032 (€6.55 in chips) 
Seat 2: mikoandy69 (€6.90 in chips) 
Seat 3: SUPERHARMONY (€2.79 in chips) 
Seat 4: punisher1106 (€6.23 in chips) 
Seat 5: idealistslp (€2.23 in chips) 
Seat 6: crmLL (€4.93 in chips) 
mikoandy69: posts small blind €0.02
SUPERHARMONY: posts big blind €0.05
*** HOLE CARDS ***
Dealt to idealistslp [Ah Jd]
punisher1106: folds 
idealistslp: raises €0.05 to €0.10
crmLL: folds 
rafale032: folds 
mikoandy69: calls €0.08
SUPERHARMONY: folds 
*** FLOP *** [Ac Th 3s]
mikoandy69: checks 
idealistslp: bets €0.12
mikoandy69: calls €0.12
*** TURN *** [Ac Th 3s] [3h]
mikoandy69: checks 
idealistslp: bets €0.24
mikoandy69: folds 
Uncalled bet (€0.24) returned to idealistslp
idealistslp collected €0.47 from pot
idealistslp: doesn't show hand 
*** SUMMARY ***
Total pot €0.49 | Rake €0.02 
Board [Ac Th 3s 3h]
Seat 1: rafale032 (button) folded before Flop (didn't bet)
Seat 2: mikoandy69 (small blind) folded on the Turn
Seat 3: SUPERHARMONY (big blind) folded before Flop
Seat 4: punisher1106 folded before Flop (didn't bet)
Seat 5: idealistslp collected (€0.47)
Seat 6: crmLL folded before Flop (didn't bet)



PokerStars Zoom Hand #259349884345:  Hold'em No Limit (€0.02/€0.05) - 2026/01/17 17:43:11 CET [2026/01/17 11:43:11 ET]
Table 'Asterope' 6-max Seat #1 is the button
Seat 1: Ivangennaro (€15.59 in chips) 
Seat 2: eooooo (€1.38 in chips) 
Seat 3: smrj1976 (€5 in chips) 
Seat 4: pixussss (€6.69 in chips) 
Seat 5: XWALLA77 (€5.13 in chips) 
Seat 6: idealistslp (€2.48 in chips) 
eooooo: posts small blind €0.02
smrj1976: posts big blind €0.05
*** HOLE CARDS ***
Dealt to idealistslp [4s 2h]
pixussss: folds 
XWALLA77: folds 
idealistslp: folds 
Ivangennaro: folds 
eooooo: folds 
Uncalled bet (€0.03) returned to smrj1976
smrj1976 collected €0.04 from pot
smrj1976: doesn't show hand 
*** SUMMARY ***
Total pot €0.04 | Rake €0 
Seat 1: Ivangennaro (button) folded before Flop (didn't bet)
Seat 2: eooooo (small blind) folded before Flop
Seat 3: smrj1976 (big blind) collected (€0.04)
Seat 4: pixussss folded before Flop (didn't bet)
Seat 5: XWALLA77 folded before Flop (didn't bet)
Seat 6: idealistslp folded before Flop (didn't bet)



PokerStars Zoom Hand #259349883223:  Hold'em No Limit (€0.02/€0.05) - 2026/01/17 17:43:06 CET [2026/01/17 11:43:06 ET]
Table 'Asterope' 6-max Seat #1 is the button
Seat 1: idealistslp (€2.48 in chips) 
Seat 2: llodio (€5 in chips) 
Seat 3: cirsa888 (€3.01 in chips) 
Seat 4: chelius869 (€8.12 in chips) 
Seat 5: gregoss054 (€6.16 in chips) 
Seat 6: adricrack970 (€7.51 in chips) 
llodio: posts small blind €0.02
cirsa888: posts big blind €0.05
*** HOLE CARDS ***
Dealt to idealistslp [7s 2c]
chelius869: folds 
gregoss054: folds 
adricrack970: raises €0.10 to €0.15
idealistslp: folds 
llodio: folds 
cirsa888: folds 
Uncalled bet (€0.10) returned to adricrack970
adricrack970 collected €0.12 from pot
adricrack970: doesn't show hand 
*** SUMMARY ***
Total pot €0.12 | Rake €0 
Seat 1: idealistslp (button) folded before Flop (didn't bet)
Seat 2: llodio (small blind) folded before Flop
Seat 3: cirsa888 (big blind) folded before Flop
Seat 4: chelius869 folded before Flop (didn't bet)
Seat 5: gregoss054 folded before Flop (didn't bet)
Seat 6: adricrack970 collected (€0.12)



PokerStars Zoom Hand #259349885181:  Hold'em No Limit (€0.02/€0.05) - 2026/01/17 17:43:15 CET [2026/01/17 11:43:15 ET]
Table 'Asterope' 6-max Seat #1 is the button
Seat 1: crmLL (€4.95 in chips) 
Seat 2: mikoandy69 (€6.35 in chips) 
Seat 3: idealistslp (€2.48 in chips) 
Seat 4: ibic22 (€5.23 in chips) 
Seat 5: eric 29880 (€3.74 in chips) 
Seat 6: llodio (€5 in chips) 
mikoandy69: posts small blind €0.02
idealistslp: posts big blind €0.05
*** HOLE CARDS ***
Dealt to idealistslp [2s 7h]
ibic22: folds 
eric 29880: folds 
llodio: folds 
crmLL: raises €0.10 to €0.15
mikoandy69: calls €0.13
idealistslp: folds 
*** FLOP *** [4h Kh Ad]
mikoandy69: checks 
crmLL: bets €0.10
mikoandy69: folds 
Uncalled bet (€0.10) returned to crmLL
crmLL collected €0.33 from pot
crmLL: doesn't show hand 
*** SUMMARY ***
Total pot €0.35 | Rake €0.02 
Board [4h Kh Ad]
Seat 1: crmLL (button) collected (€0.33)
Seat 2: mikoandy69 (small blind) folded on the Flop
Seat 3: idealistslp (big blind) folded before Flop
Seat 4: ibic22 folded before Flop (didn't bet)
Seat 5: eric 29880 folded before Flop (didn't bet)
Seat 6: llodio folded before Flop (didn't bet)



PokerStars Zoom Hand #259349889796:  Hold'em No Limit (€0.02/€0.05) - 2026/01/17 17:43:37 CET [2026/01/17 11:43:37 ET]
Table 'Asterope' 6-max Seat #1 is the button
Seat 1: saharkesler (€5.43 in chips) 
Seat 2: richh74 (€4.61 in chips) 
Seat 3: eooooo (€3.38 in chips) 
Seat 4: idealistslp (€2.43 in chips) 
Seat 5: Pabley27 (€7.30 in chips) 
Seat 6: PokerPowerMPF (€5.44 in chips) 
richh74: posts small blind €0.02
eooooo: posts big blind €0.05
*** HOLE CARDS ***
Dealt to idealistslp [Td Jc]
idealistslp: raises €0.05 to €0.10
Pabley27: folds 
PokerPowerMPF: folds 
saharkesler: folds 
richh74: folds 
eooooo: calls €0.05
*** FLOP *** [6h 9h Jh]
eooooo: checks 
idealistslp: bets €0.11
eooooo: folds 
Uncalled bet (€0.11) returned to idealistslp
idealistslp collected €0.21 from pot
idealistslp: doesn't show hand 
*** SUMMARY ***
Total pot €0.22 | Rake €0.01 
Board [6h 9h Jh]
Seat 1: saharkesler (button) folded before Flop (didn't bet)
Seat 2: richh74 (small blind) folded before Flop
Seat 3: eooooo (big blind) folded on the Flop
Seat 4: idealistslp collected (€0.21)
Seat 5: Pabley27 folded before Flop (didn't bet)
Seat 6: PokerPowerMPF folded before Flop (didn't bet)



PokerStars Zoom Hand #259349897484:  Hold'em No Limit (€0.02/€0.05) - 2026/01/17 17:44:14 CET [2026/01/17 11:44:14 ET]
Table 'Asterope' 6-max Seat #1 is the button
Seat 1: idealistslp (€2.52 in chips) 
Seat 2: Franch Beiyen (€2.58 in chips) 
Seat 3: miguelams27 (€7.18 in chips) 
Seat 4: adricrack970 (€5.05 in chips) 
Seat 5: crmLL (€5.11 in chips) 
Seat 6: chelius869 (€8.48 in chips) 
Franch Beiyen: posts small blind €0.02
miguelams27: posts big blind €0.05
*** HOLE CARDS ***
Dealt to idealistslp [Th Tc]
adricrack970: folds 
crmLL: folds 
chelius869: folds 
idealistslp: raises €0.05 to €0.10
Franch Beiyen: folds 
miguelams27: folds 
Uncalled bet (€0.05) returned to idealistslp
idealistslp collected €0.12 from pot
idealistslp: doesn't show hand 
*** SUMMARY ***
Total pot €0.12 | Rake €0 
Seat 1: idealistslp (button) collected (€0.12)
Seat 2: Franch Beiyen (small blind) folded before Flop
Seat 3: miguelams27 (big blind) folded before Flop
Seat 4: adricrack970 folded before Flop (didn't bet)
Seat 5: crmLL folded before Flop (didn't bet)
Seat 6: chelius869 folded before Flop (didn't bet)



PokerStars Zoom Hand #259349896268:  Hold'em No Limit (€0.02/€0.05) - 2026/01/17 17:44:08 CET [2026/01/17 11:44:08 ET]
Table 'Asterope' 6-max Seat #1 is the button
Seat 1: Jorgebcn76 (€5.28 in chips) 
Seat 2: idealistslp (€2.54 in chips) 
Seat 3: grama84 (€4.36 in chips) 
Seat 4: Ivangennaro (€5.52 in chips) 
Seat 5: cirsa888 (€2.81 in chips) 
Seat 6: gregoss054 (€11.60 in chips) 
idealistslp: posts small blind €0.02
grama84: posts big blind €0.05
*** HOLE CARDS ***
Dealt to idealistslp [6s 7d]
Ivangennaro: raises €0.05 to €0.10
cirsa888: calls €0.10
gregoss054: folds 
Jorgebcn76: folds 
idealistslp: folds 
grama84: calls €0.05
*** FLOP *** [Ah 8c Td]
grama84: checks 
Ivangennaro: checks 
cirsa888: checks 
*** TURN *** [Ah 8c Td] [Jc]
grama84: bets €0.15
Ivangennaro: calls €0.15
cirsa888: folds 
*** RIVER *** [Ah 8c Td Jc] [4d]
grama84: bets €0.30
Ivangennaro: folds 
Uncalled bet (€0.30) returned to grama84
grama84 collected €0.59 from pot
grama84: doesn't show hand 
*** SUMMARY ***
Total pot €0.62 | Rake €0.03 
Board [Ah 8c Td Jc 4d]
Seat 1: Jorgebcn76 (button) folded before Flop (didn't bet)
Seat 2: idealistslp (small blind) folded before Flop
Seat 3: grama84 (big blind) collected (€0.59)
Seat 4: Ivangennaro folded on the River
Seat 5: cirsa888 folded on the Turn
Seat 6: gregoss054 folded before Flop (didn't bet)



PokerStars Zoom Hand #259349900968:  Hold'em No Limit (€0.02/€0.05) - 2026/01/17 17:44:31 CET [2026/01/17 11:44:31 ET]
Table 'Asterope' 6-max Seat #1 is the button
Seat 1: ibic22 (€5.36 in chips) 
Seat 2: dami bni (€4.85 in chips) 
Seat 3: Mental1989 (€0.99 in chips) 
Seat 4: Andricap (€4.58 in chips) 
Seat 5: boogychat (€2.30 in chips) 
Seat 6: idealistslp (€2.59 in chips) 
dami bni: posts small blind €0.02
Mental1989: posts big blind €0.05
*** HOLE CARDS ***
Dealt to idealistslp [Ts 9c]
Andricap: folds 
boogychat: folds 
idealistslp: folds 
ibic22: raises €0.10 to €0.15
dami bni: folds 
Mental1989: folds 
Uncalled bet (€0.10) returned to ibic22
ibic22 collected €0.12 from pot
ibic22: doesn't show hand 
*** SUMMARY ***
Total pot €0.12 | Rake €0 
Seat 1: ibic22 (button) collected (€0.12)
Seat 2: dami bni (small blind) folded before Flop
Seat 3: Mental1989 (big blind) folded before Flop
Seat 4: Andricap folded before Flop (didn't bet)
Seat 5: boogychat folded before Flop (didn't bet)
Seat 6: idealistslp folded before Flop (didn't bet)



PokerStars Zoom Hand #259349902123:  Hold'em No Limit (€0.02/€0.05) - 2026/01/17 17:44:37 CET [2026/01/17 11:44:37 ET]
Table 'Asterope' 6-max Seat #1 is the button
Seat 1: llodio (€5 in chips) 
Seat 2: seriomarkos (€5 in chips) 
Seat 3: crmLL (€3.87 in chips) 
Seat 4: fouthkings (€8.48 in chips) 
Seat 5: idealistslp (€2.59 in chips) 
Seat 6: Bertinho Gil (€5 in chips) 
seriomarkos: posts small blind €0.02
crmLL: posts big blind €0.05
*** HOLE CARDS ***
Dealt to idealistslp [Qd Td]
fouthkings: calls €0.05
idealistslp: raises €0.05 to €0.10
Bertinho Gil: folds 
llodio: folds 
seriomarkos: calls €0.08
crmLL: calls €0.05
fouthkings: calls €0.05
*** FLOP *** [2h Ts 4c]
seriomarkos: checks 
crmLL: checks 
fouthkings: checks 
idealistslp: bets €0.19
seriomarkos: calls €0.19
crmLL: raises €3.58 to €3.77 and is all-in
fouthkings: folds 
idealistslp: folds 
seriomarkos: folds 
Uncalled bet (€3.58) returned to crmLL
crmLL collected €0.92 from pot
crmLL: doesn't show hand 
*** SUMMARY ***
Total pot €0.97 | Rake €0.05 
Board [2h Ts 4c]
Seat 1: llodio (button) folded before Flop (didn't bet)
Seat 2: seriomarkos (small blind) folded on the Flop
Seat 3: crmLL (big blind) collected (€0.92)
Seat 4: fouthkings folded on the Flop
Seat 5: idealistslp folded on the Flop
Seat 6: Bertinho Gil folded before Flop (didn't bet)



PokerStars Zoom Hand #259349913552:  Hold'em No Limit (€0.02/€0.05) - 2026/01/17 17:45:31 CET [2026/01/17 11:45:31 ET]
Table 'Asterope' 6-max Seat #1 is the button
Seat 1: mikoandy69 (€3.90 in chips) 
Seat 2: adfm75 (€1.68 in chips) 
Seat 3: idealistslp (€2.30 in chips) 
Seat 4: pixussss (€12.11 in chips) 
Seat 5: seriomarkos (€5.09 in chips) 
Seat 6: juancathree (€4.64 in chips) 
adfm75: posts small blind €0.02
idealistslp: posts big blind €0.05
*** HOLE CARDS ***
Dealt to idealistslp [5s 9s]
pixussss: folds 
seriomarkos: folds 
juancathree: raises €0.07 to €0.12
mikoandy69: calls €0.12
adfm75: folds 
idealistslp: folds 
*** FLOP *** [8d 8s Td]
juancathree: checks 
mikoandy69: checks 
*** TURN *** [8d 8s Td] [9d]
juancathree: checks 
mikoandy69: checks 
*** RIVER *** [8d 8s Td 9d] [Kc]
juancathree: bets €0.08
mikoandy69: raises €0.45 to €0.53
juancathree: calls €0.45
*** SHOW DOWN ***
mikoandy69: shows [Kd Jh] (two pair, Kings and Eights)
juancathree: mucks hand 
mikoandy69 collected €1.30 from pot
*** SUMMARY ***
Total pot €1.37 | Rake €0.07 
Board [8d 8s Td 9d Kc]
Seat 1: mikoandy69 (button) showed [Kd Jh] and won (€1.30) with two pair, Kings and Eights
Seat 2: adfm75 (small blind) folded before Flop
Seat 3: idealistslp (big blind) folded before Flop
Seat 4: pixussss folded before Flop (didn't bet)
Seat 5: seriomarkos folded before Flop (didn't bet)
Seat 6: juancathree mucked [Ks 6s]



PokerStars Zoom Hand #259349924108:  Hold'em No Limit (€0.02/€0.05) - 2026/01/17 17:46:20 CET [2026/01/17 11:46:20 ET]
Table 'Asterope' 6-max Seat #1 is the button
Seat 1: idealistslp (€1.87 in chips) 
Seat 2: boogychat (€2.41 in chips) 
Seat 3: Cruasan17 (€2.47 in chips) 
Seat 4: cirsa888 (€5 in chips) 
Seat 5: trumoan (€3.40 in chips) 
Seat 6: PokerPowerMPF (€6.84 in chips) 
boogychat: posts small blind €0.02
Cruasan17: posts big blind €0.05
*** HOLE CARDS ***
Dealt to idealistslp [Th 7c]
cirsa888: folds 
trumoan: folds 
PokerPowerMPF: folds 
idealistslp: folds 
boogychat: calls €0.03
Cruasan17: checks 
*** FLOP *** [Kc Qc Ks]
boogychat: bets €0.05
Cruasan17: folds 
Uncalled bet (€0.05) returned to boogychat
boogychat collected €0.10 from pot
boogychat: doesn't show hand 
*** SUMMARY ***
Total pot €0.10 | Rake €0 
Board [Kc Qc Ks]
Seat 1: idealistslp (button) folded before Flop (didn't bet)
Seat 2: boogychat (small blind) collected (€0.10)
Seat 3: Cruasan17 (big blind) folded on the Flop
Seat 4: cirsa888 folded before Flop (didn't bet)
Seat 5: trumoan folded before Flop (didn't bet)
Seat 6: PokerPowerMPF folded before Flop (didn't bet)



PokerStars Zoom Hand #259349915185:  Hold'em No Limit (€0.02/€0.05) - 2026/01/17 17:45:38 CET [2026/01/17 11:45:38 ET]
Table 'Asterope' 6-max Seat #1 is the button
Seat 1: gregoss054 (€6.25 in chips) 
Seat 2: Bestiote (€1.95 in chips) 
Seat 3: adfm75 (€1.67 in chips) 
Seat 4: idealistslp (€2.25 in chips) 
Seat 5: Magalhaes763 (€3.96 in chips) 
Seat 6: Elseparatio (€7.31 in chips) 
Bestiote: posts small blind €0.02
adfm75: posts big blind €0.05
*** HOLE CARDS ***
Dealt to idealistslp [6c As]
idealistslp: raises €0.05 to €0.10
Magalhaes763: raises €0.05 to €0.15
Elseparatio: folds 
gregoss054: folds 
Bestiote: folds 
adfm75: calls €0.10
idealistslp: calls €0.05
*** FLOP *** [6h 2d Ts]
adfm75: checks 
idealistslp: bets €0.23
Magalhaes763: calls €0.23
adfm75: calls €0.23
*** TURN *** [6h 2d Ts] [4s]
adfm75: checks 
idealistslp: checks 
Magalhaes763: bets €0.55
adfm75: folds 
idealistslp: folds 
Uncalled bet (€0.55) returned to Magalhaes763
Magalhaes763 collected €1.10 from pot
Magalhaes763: doesn't show hand 
*** SUMMARY ***
Total pot €1.16 | Rake €0.06 
Board [6h 2d Ts 4s]
Seat 1: gregoss054 (button) folded before Flop (didn't bet)
Seat 2: Bestiote (small blind) folded before Flop
Seat 3: adfm75 (big blind) folded on the Turn
Seat 4: idealistslp folded on the Turn
Seat 5: Magalhaes763 collected (€1.10)
Seat 6: Elseparatio folded before Flop (didn't bet)



PokerStars Zoom Hand #259349925002:  Hold'em No Limit (€0.02/€0.05) - 2026/01/17 17:46:25 CET [2026/01/17 11:46:25 ET]
Table 'Asterope' 6-max Seat #1 is the button
Seat 1: juancathree (€4.01 in chips) 
Seat 2: eooooo (€3.25 in chips) 
Seat 3: dami bni (€3.51 in chips) 
Seat 4: idealistslp (€1.87 in chips) 
Seat 5: smrj1976 (€5.31 in chips) 
Seat 6: Grobleuk61 (€2.66 in chips) 
eooooo: posts small blind €0.02
dami bni: posts big blind €0.05
*** HOLE CARDS ***
Dealt to idealistslp [2d 7c]
idealistslp: folds 
smrj1976: folds 
Grobleuk61: calls €0.05
juancathree: folds 
eooooo: calls €0.03
dami bni: checks 
*** FLOP *** [Th 3c 6s]
eooooo: checks 
dami bni: checks 
Grobleuk61: bets €0.10
eooooo: calls €0.10
dami bni: folds 
*** TURN *** [Th 3c 6s] [Kh]
eooooo: checks 
Grobleuk61: bets €0.20
eooooo: folds 
Uncalled bet (€0.20) returned to Grobleuk61
Grobleuk61 collected €0.33 from pot
Grobleuk61: doesn't show hand 
*** SUMMARY ***
Total pot €0.35 | Rake €0.02 
Board [Th 3c 6s Kh]
Seat 1: juancathree (button) folded before Flop (didn't bet)
Seat 2: eooooo (small blind) folded on the Turn
Seat 3: dami bni (big blind) folded on the Flop
Seat 4: idealistslp folded before Flop (didn't bet)
Seat 5: smrj1976 folded before Flop (didn't bet)
Seat 6: Grobleuk61 collected (€0.33)



PokerStars Zoom Hand #259349925805:  Hold'em No Limit (€0.02/€0.05) - 2026/01/17 17:46:28 CET [2026/01/17 11:46:28 ET]
Table 'Asterope' 6-max Seat #1 is the button
Seat 1: estrellabea (€3.02 in chips) 
Seat 2: idealistslp (€1.87 in chips) 
Seat 3: Rourou1734 (€1.95 in chips) 
Seat 4: gregoss054 (€10.88 in chips) 
Seat 5: PokerPowerMPF (€5.04 in chips) 
Seat 6: juancathree (€4.01 in chips) 
idealistslp: posts small blind €0.02
Rourou1734: posts big blind €0.05
*** HOLE CARDS ***
Dealt to idealistslp [Ad 7d]
gregoss054: folds 
PokerPowerMPF: folds 
juancathree: raises €0.07 to €0.12
estrellabea: folds 
idealistslp: calls €0.10
Rourou1734: folds 
*** FLOP *** [9h Qd 2d]
idealistslp: bets €0.14
juancathree: calls €0.14
*** TURN *** [9h Qd 2d] [Kc]
idealistslp: checks 
juancathree: checks 
*** RIVER *** [9h Qd 2d Kc] [5h]
idealistslp: checks 
juancathree: checks 
*** SHOW DOWN ***
idealistslp: shows [Ad 7d] (high card Ace)
juancathree: shows [Ah Jh] (high card Ace - King+Queen+Jack kicker)
juancathree collected €0.54 from pot
*** SUMMARY ***
Total pot €0.57 | Rake €0.03 
Board [9h Qd 2d Kc 5h]
Seat 1: estrellabea (button) folded before Flop (didn't bet)
Seat 2: idealistslp (small blind) showed [Ad 7d] and lost with high card Ace
Seat 3: Rourou1734 (big blind) folded before Flop
Seat 4: gregoss054 folded before Flop (didn't bet)
Seat 5: PokerPowerMPF folded before Flop (didn't bet)
Seat 6: juancathree showed [Ah Jh] and won (€0.54) with high card Ace



PokerStars Zoom Hand #259349935510:  Hold'em No Limit (€0.02/€0.05) - 2026/01/17 17:47:14 CET [2026/01/17 11:47:14 ET]
Table 'Asterope' 6-max Seat #1 is the button
Seat 1: trumoan (€3.16 in chips) 
Seat 2: cirsa888 (€5.13 in chips) 
Seat 3: hervanta (€4.78 in chips) 
Seat 4: chiinche (€18.03 in chips) 
Seat 5: Ivangennaro (€13.73 in chips) 
Seat 6: idealistslp (€1.61 in chips) 
cirsa888: posts small blind €0.02
hervanta: posts big blind €0.05
*** HOLE CARDS ***
Dealt to idealistslp [As 6c]
chiinche: folds 
Ivangennaro: folds 
idealistslp: raises €0.05 to €0.10
trumoan: folds 
cirsa888: raises €0.20 to €0.30
hervanta: folds 
idealistslp: calls €0.20
*** FLOP *** [5c 4s 6s]
cirsa888: bets €0.20
idealistslp: calls €0.20
*** TURN *** [5c 4s 6s] [4d]
cirsa888: checks 
idealistslp: checks 
*** RIVER *** [5c 4s 6s 4d] [7h]
cirsa888: checks 
idealistslp: checks 
*** SHOW DOWN ***
cirsa888: shows [3d Ad] (a straight, Three to Seven)
idealistslp: mucks hand 
cirsa888 collected €1 from pot
*** SUMMARY ***
Total pot €1.05 | Rake €0.05 
Board [5c 4s 6s 4d 7h]
Seat 1: trumoan (button) folded before Flop (didn't bet)
Seat 2: cirsa888 (small blind) showed [3d Ad] and won (€1) with a straight, Three to Seven
Seat 3: hervanta (big blind) folded before Flop
Seat 4: chiinche folded before Flop (didn't bet)
Seat 5: Ivangennaro folded before Flop (didn't bet)
Seat 6: idealistslp mucked [As 6c]



PokerStars Zoom Hand #259349941969:  Hold'em No Limit (€0.02/€0.05) - 2026/01/17 17:47:45 CET [2026/01/17 11:47:45 ET]
Table 'Asterope' 6-max Seat #1 is the button
Seat 1: cirsa888 (€5.63 in chips) 
Seat 2: trumoan (€11.67 in chips) 
Seat 3: eooooo (€1.35 in chips) 
Seat 4: ferm71f (€2.53 in chips) 
Seat 5: idealistslp (€1.11 in chips) 
Seat 6: Pecadorll (€2 in chips) 
trumoan: posts small blind €0.02
eooooo: posts big blind €0.05
*** HOLE CARDS ***
Dealt to idealistslp [Jh 8c]
ferm71f: folds 
idealistslp: folds 
Pecadorll: raises €0.07 to €0.12
cirsa888: folds 
trumoan: folds 
eooooo: folds 
Uncalled bet (€0.07) returned to Pecadorll
Pecadorll collected €0.12 from pot
Pecadorll: doesn't show hand 
*** SUMMARY ***
Total pot €0.12 | Rake €0 
Seat 1: cirsa888 (button) folded before Flop (didn't bet)
Seat 2: trumoan (small blind) folded before Flop
Seat 3: eooooo (big blind) folded before Flop
Seat 4: ferm71f folded before Flop (didn't bet)
Seat 5: idealistslp folded before Flop (didn't bet)
Seat 6: Pecadorll collected (€0.12)



PokerStars Zoom Hand #259349943937:  Hold'em No Limit (€0.02/€0.05) - 2026/01/17 17:47:54 CET [2026/01/17 11:47:54 ET]
Table 'Asterope' 6-max Seat #1 is the button
Seat 1: Cruasan17 (€2.20 in chips) 
Seat 2: Ferchyman77 (€5.21 in chips) 
Seat 3: idealistslp (€1.11 in chips) 
Seat 4: dami bni (€3.51 in chips) 
Seat 5: Fiveen (€1.70 in chips) 
Seat 6: pixussss (€7.03 in chips) 
Ferchyman77: posts small blind €0.02
idealistslp: posts big blind €0.05
*** HOLE CARDS ***
Dealt to idealistslp [7d Tc]
dami bni: folds 
Fiveen: folds 
pixussss: folds 
Cruasan17: calls €0.05
Ferchyman77: folds 
idealistslp: checks 
*** FLOP *** [3d Jd Jc]
idealistslp: bets €0.06
Cruasan17: folds 
Uncalled bet (€0.06) returned to idealistslp
idealistslp collected €0.11 from pot
idealistslp: doesn't show hand 
*** SUMMARY ***
Total pot €0.12 | Rake €0.01 
Board [3d Jd Jc]
Seat 1: Cruasan17 (button) folded on the Flop
Seat 2: Ferchyman77 (small blind) folded before Flop
Seat 3: idealistslp (big blind) collected (€0.11)
Seat 4: dami bni folded before Flop (didn't bet)
Seat 5: Fiveen folded before Flop (didn't bet)
Seat 6: pixussss folded before Flop (didn't bet)



PokerStars Zoom Hand #259349943157:  Hold'em No Limit (€0.02/€0.05) - 2026/01/17 17:47:50 CET [2026/01/17 11:47:50 ET]
Table 'Asterope' 6-max Seat #1 is the button
Seat 1: idealistslp (€1.11 in chips) 
Seat 2: Neotero (€8.85 in chips) 
Seat 3: Mrmike69smi (€2.87 in chips) 
Seat 4: mikoandy69 (€1.96 in chips) 
Seat 5: Jorgebcn76 (€6.15 in chips) 
Seat 6: smrj1976 (€5.19 in chips) 
Neotero: posts small blind €0.02
Mrmike69smi: posts big blind €0.05
*** HOLE CARDS ***
Dealt to idealistslp [5h 8s]
mikoandy69: calls €0.05
Jorgebcn76: folds 
smrj1976: raises €0.05 to €0.10
idealistslp: folds 
Neotero: folds 
Mrmike69smi: calls €0.05
mikoandy69: calls €0.05
*** FLOP *** [2s 5s Qh]
Mrmike69smi: bets €0.10
mikoandy69: calls €0.10
smrj1976: calls €0.10
*** TURN *** [2s 5s Qh] [4d]
Mrmike69smi: bets €0.05
mikoandy69: raises €0.69 to €0.74
smrj1976: folds 
Mrmike69smi: calls €0.69
*** RIVER *** [2s 5s Qh 4d] [Ah]
Mrmike69smi: bets €1.93 and is all-in
mikoandy69: calls €1.02 and is all-in
Uncalled bet (€0.91) returned to Mrmike69smi
*** SHOW DOWN ***
Mrmike69smi: shows [Qd 7h] (a pair of Queens)
mikoandy69: shows [7s Qs] (a pair of Queens)
Mrmike69smi collected €1.97 from pot
mikoandy69 collected €1.96 from pot
*** SUMMARY ***
Total pot €4.14 | Rake €0.21 
Board [2s 5s Qh 4d Ah]
Seat 1: idealistslp (button) folded before Flop (didn't bet)
Seat 2: Neotero (small blind) folded before Flop
Seat 3: Mrmike69smi (big blind) showed [Qd 7h] and won (€1.97) with a pair of Queens
Seat 4: mikoandy69 showed [7s Qs] and won (€1.96) with a pair of Queens
Seat 5: Jorgebcn76 folded before Flop (didn't bet)
Seat 6: smrj1976 folded on the Turn



PokerStars Zoom Hand #259349948815:  Hold'em No Limit (€0.02/€0.05) - 2026/01/17 17:48:17 CET [2026/01/17 11:48:17 ET]
Table 'Asterope' 6-max Seat #1 is the button
Seat 1: eooooo (€1.28 in chips) 
Seat 2: Jorgebcn76 (€16.84 in chips) 
Seat 3: glandeur66 (€5 in chips) 
Seat 4: dragonfly2467 (€5.65 in chips) 
Seat 5: smrj1976 (€5 in chips) 
Seat 6: idealistslp (€1.17 in chips) 
Jorgebcn76: posts small blind €0.02
glandeur66: posts big blind €0.05
*** HOLE CARDS ***
Dealt to idealistslp [Ah 2s]
dragonfly2467: folds 
smrj1976: folds 
idealistslp: raises €0.05 to €0.10
eooooo: folds 
Jorgebcn76: folds 
glandeur66: folds 
Uncalled bet (€0.05) returned to idealistslp
idealistslp collected €0.12 from pot
idealistslp: doesn't show hand 
*** SUMMARY ***
Total pot €0.12 | Rake €0 
Seat 1: eooooo (button) folded before Flop (didn't bet)
Seat 2: Jorgebcn76 (small blind) folded before Flop
Seat 3: glandeur66 (big blind) folded before Flop
Seat 4: dragonfly2467 folded before Flop (didn't bet)
Seat 5: smrj1976 folded before Flop (didn't bet)
Seat 6: idealistslp collected (€0.12)



PokerStars Zoom Hand #259349954053:  Hold'em No Limit (€0.02/€0.05) - 2026/01/17 17:48:42 CET [2026/01/17 11:48:42 ET]
Table 'Asterope' 6-max Seat #1 is the button
Seat 1: j.cerqueira (€4.20 in chips) 
Seat 2: idealistslp (€1.24 in chips) 
Seat 3: juancathree (€4.27 in chips) 
Seat 4: ibic22 (€5.53 in chips) 
Seat 5: dragonfly2467 (€5.70 in chips) 
Seat 6: SexybabySexymum (€5.05 in chips) 
idealistslp: posts small blind €0.02
juancathree: posts big blind €0.05
*** HOLE CARDS ***
Dealt to idealistslp [2c 9h]
ibic22: raises €0.10 to €0.15
dragonfly2467: folds 
SexybabySexymum: folds 
j.cerqueira: folds 
idealistslp: folds 
juancathree: folds 
Uncalled bet (€0.10) returned to ibic22
ibic22 collected €0.12 from pot
ibic22: doesn't show hand 
*** SUMMARY ***
Total pot €0.12 | Rake €0 
Seat 1: j.cerqueira (button) folded before Flop (didn't bet)
Seat 2: idealistslp (small blind) folded before Flop
Seat 3: juancathree (big blind) folded before Flop
Seat 4: ibic22 collected (€0.12)
Seat 5: dragonfly2467 folded before Flop (didn't bet)
Seat 6: SexybabySexymum folded before Flop (didn't bet)



PokerStars Zoom Hand #259349955311:  Hold'em No Limit (€0.02/€0.05) - 2026/01/17 17:48:48 CET [2026/01/17 11:48:48 ET]
Table 'Asterope' 6-max Seat #1 is the button
Seat 1: chiinche (€18 in chips) 
Seat 2: El Tojó (€4.95 in chips) 
Seat 3: dragonfly2467 (€5.70 in chips) 
Seat 4: miguelams27 (€7.38 in chips) 
Seat 5: idealistslp (€1.22 in chips) 
Seat 6: grama84 (€2.79 in chips) 
El Tojó: posts small blind €0.02
dragonfly2467: posts big blind €0.05
*** HOLE CARDS ***
Dealt to idealistslp [9d 7c]
miguelams27: folds 
idealistslp: folds 
grama84: folds 
chiinche: folds 
El Tojó: folds 
Uncalled bet (€0.03) returned to dragonfly2467
dragonfly2467 collected €0.04 from pot
dragonfly2467: doesn't show hand 
*** SUMMARY ***
Total pot €0.04 | Rake €0 
Seat 1: chiinche (button) folded before Flop (didn't bet)
Seat 2: El Tojó (small blind) folded before Flop
Seat 3: dragonfly2467 (big blind) collected (€0.04)
Seat 4: miguelams27 folded before Flop (didn't bet)
Seat 5: idealistslp folded before Flop (didn't bet)
Seat 6: grama84 folded before Flop (didn't bet)



PokerStars Zoom Hand #259349956171:  Hold'em No Limit (€0.02/€0.05) - 2026/01/17 17:48:52 CET [2026/01/17 11:48:52 ET]
Table 'Asterope' 6-max Seat #1 is the button
Seat 1: SOSCHI007 (€4.29 in chips) 
Seat 2: LittleVerole (€8.01 in chips) 
Seat 3: estrellabea (€2.95 in chips) 
Seat 4: idealistslp (€1.22 in chips) 
Seat 5: Mathattaque86 (€2.66 in chips) 
Seat 6: miguelams27 (€7.38 in chips) 
LittleVerole: posts small blind €0.02
estrellabea: posts big blind €0.05
*** HOLE CARDS ***
Dealt to idealistslp [Jd 3s]
idealistslp: folds 
Mathattaque86: folds 
miguelams27: folds 
SOSCHI007: folds 
LittleVerole: raises €0.05 to €0.10
estrellabea: folds 
Uncalled bet (€0.05) returned to LittleVerole
LittleVerole collected €0.10 from pot
LittleVerole: doesn't show hand 
*** SUMMARY ***
Total pot €0.10 | Rake €0 
Seat 1: SOSCHI007 (button) folded before Flop (didn't bet)
Seat 2: LittleVerole (small blind) collected (€0.10)
Seat 3: estrellabea (big blind) folded before Flop
Seat 4: idealistslp folded before Flop (didn't bet)
Seat 5: Mathattaque86 folded before Flop (didn't bet)
Seat 6: miguelams27 folded before Flop (didn't bet)



PokerStars Zoom Hand #259349956889:  Hold'em No Limit (€0.02/€0.05) - 2026/01/17 17:48:55 CET [2026/01/17 11:48:55 ET]
Table 'Asterope' 6-max Seat #1 is the button
Seat 1: molmol80 (€4.19 in chips) 
Seat 2: rare12345 (€7.04 in chips) 
Seat 3: crmLL (€6.61 in chips) 
Seat 4: eooooo (€3.17 in chips) 
Seat 5: idealistslp (€1.22 in chips) 
Seat 6: llodio (€5 in chips) 
rare12345: posts small blind €0.02
crmLL: posts big blind €0.05
*** HOLE CARDS ***
Dealt to idealistslp [As 2s]
eooooo: folds 
idealistslp: raises €0.05 to €0.10
llodio: folds 
molmol80: folds 
rare12345: raises €0.30 to €0.40
crmLL: folds 
idealistslp: calls €0.30
*** FLOP *** [7h 5h Th]
rare12345: bets €0.20
idealistslp: folds 
Uncalled bet (€0.20) returned to rare12345
rare12345 collected €0.81 from pot
rare12345: doesn't show hand 
*** SUMMARY ***
Total pot €0.85 | Rake €0.04 
Board [7h 5h Th]
Seat 1: molmol80 (button) folded before Flop (didn't bet)
Seat 2: rare12345 (small blind) collected (€0.81)
Seat 3: crmLL (big blind) folded before Flop
Seat 4: eooooo folded before Flop (didn't bet)
Seat 5: idealistslp folded on the Flop
Seat 6: llodio folded before Flop (didn't bet)



PokerStars Zoom Hand #259349965592:  Hold'em No Limit (€0.02/€0.05) - 2026/01/17 17:49:36 CET [2026/01/17 11:49:36 ET]
Table 'Asterope' 6-max Seat #1 is the button
Seat 1: SUPERHARMONY (€13.60 in chips) 
Seat 2: idealistslp (€0.77 in chips) 
Seat 3: smrj1976 (€5 in chips) 
Seat 4: El Tojó (€4.95 in chips) 
Seat 5: Bertinho Gil (€5 in chips) 
Seat 6: Ferchyman77 (€5.07 in chips) 
idealistslp: posts small blind €0.02
smrj1976: posts big blind €0.05
*** HOLE CARDS ***
Dealt to idealistslp [3s 7h]
El Tojó: folds 
Bertinho Gil: folds 
Ferchyman77: folds 
SUPERHARMONY: folds 
idealistslp: folds 
Uncalled bet (€0.03) returned to smrj1976
smrj1976 collected €0.04 from pot
smrj1976: doesn't show hand 
*** SUMMARY ***
Total pot €0.04 | Rake €0 
Seat 1: SUPERHARMONY (button) folded before Flop (didn't bet)
Seat 2: idealistslp (small blind) folded before Flop
Seat 3: smrj1976 (big blind) collected (€0.04)
Seat 4: El Tojó folded before Flop (didn't bet)
Seat 5: Bertinho Gil folded before Flop (didn't bet)
Seat 6: Ferchyman77 folded before Flop (didn't bet)



PokerStars Zoom Hand #259349964685:  Hold'em No Limit (€0.02/€0.05) - 2026/01/17 17:49:32 CET [2026/01/17 11:49:32 ET]
Table 'Asterope' 6-max Seat #1 is the button
Seat 1: fouthkings (€7.51 in chips) 
Seat 2: eooooo (€1.92 in chips) 
Seat 3: idealistslp (€0.82 in chips) 
Seat 4: indiiiopraiiia (€2.92 in chips) 
Seat 5: LAMERIC64 (€6.02 in chips) 
Seat 6: Pabley27 (€9.96 in chips) 
eooooo: posts small blind €0.02
idealistslp: posts big blind €0.05
*** HOLE CARDS ***
Dealt to idealistslp [6d 9c]
indiiiopraiiia: raises €0.12 to €0.17
LAMERIC64: folds 
Pabley27: raises €0.41 to €0.58
fouthkings: folds 
eooooo: folds 
idealistslp: folds 
indiiiopraiiia: calls €0.41
*** FLOP *** [4c Ks 4s]
indiiiopraiiia: checks 
Pabley27: bets €0.59
indiiiopraiiia: folds 
Uncalled bet (€0.59) returned to Pabley27
Pabley27 collected €1.17 from pot
Pabley27: doesn't show hand 
*** SUMMARY ***
Total pot €1.23 | Rake €0.06 
Board [4c Ks 4s]
Seat 1: fouthkings (button) folded before Flop (didn't bet)
Seat 2: eooooo (small blind) folded before Flop
Seat 3: idealistslp (big blind) folded before Flop
Seat 4: indiiiopraiiia folded on the Flop
Seat 5: LAMERIC64 folded before Flop (didn't bet)
Seat 6: Pabley27 collected (€1.17)



PokerStars Zoom Hand #259349969197:  Hold'em No Limit (€0.02/€0.05) - 2026/01/17 17:49:53 CET [2026/01/17 11:49:53 ET]
Table 'Asterope' 6-max Seat #1 is the button
Seat 1: SexybabySexymum (€5.04 in chips) 
Seat 2: idealistslp (€0.75 in chips) 
Seat 3: trumoan (€11.60 in chips) 
Seat 4: Mathattaque86 (€1.67 in chips) 
Seat 5: SUPERHARMONY (€13.65 in chips) 
Seat 6: Magalhaes763 (€2.08 in chips) 
idealistslp: posts small blind €0.02
trumoan: posts big blind €0.05
*** HOLE CARDS ***
Dealt to idealistslp [4d 6h]
Mathattaque86: folds 
SUPERHARMONY: folds 
Magalhaes763: raises €0.05 to €0.10
SexybabySexymum: folds 
idealistslp: folds 
trumoan: folds 
Uncalled bet (€0.05) returned to Magalhaes763
Magalhaes763 collected €0.12 from pot
Magalhaes763: doesn't show hand 
*** SUMMARY ***
Total pot €0.12 | Rake €0 
Seat 1: SexybabySexymum (button) folded before Flop (didn't bet)
Seat 2: idealistslp (small blind) folded before Flop
Seat 3: trumoan (big blind) folded before Flop
Seat 4: Mathattaque86 folded before Flop (didn't bet)
Seat 5: SUPERHARMONY folded before Flop (didn't bet)
Seat 6: Magalhaes763 collected (€0.12)



PokerStars Zoom Hand #259349967917:  Hold'em No Limit (€0.02/€0.05) - 2026/01/17 17:49:47 CET [2026/01/17 11:49:47 ET]
Table 'Asterope' 6-max Seat #1 is the button
Seat 1: fouthkings (€7.58 in chips) 
Seat 2: SexybabySexymum (€5.06 in chips) 
Seat 3: llodio (€5 in chips) 
Seat 4: idealistslp (€0.75 in chips) 
Seat 5: grama84 (€2.98 in chips) 
Seat 6: j.cerqueira (€4.24 in chips) 
SexybabySexymum: posts small blind €0.02
llodio: posts big blind €0.05
*** HOLE CARDS ***
Dealt to idealistslp [5s 8s]
idealistslp: folds 
grama84: folds 
j.cerqueira: calls €0.05
fouthkings: raises €0.05 to €0.10
SexybabySexymum: folds 
llodio: folds 
j.cerqueira: calls €0.05
*** FLOP *** [Qd 2d 2c]
j.cerqueira: checks 
fouthkings: bets €0.26
j.cerqueira: folds 
Uncalled bet (€0.26) returned to fouthkings
fouthkings collected €0.26 from pot
fouthkings: doesn't show hand 
*** SUMMARY ***
Total pot €0.27 | Rake €0.01 
Board [Qd 2d 2c]
Seat 1: fouthkings (button) collected (€0.26)
Seat 2: SexybabySexymum (small blind) folded before Flop
Seat 3: llodio (big blind) folded before Flop
Seat 4: idealistslp folded before Flop (didn't bet)
Seat 5: grama84 folded before Flop (didn't bet)
Seat 6: j.cerqueira folded on the Flop



PokerStars Zoom Hand #259349971154:  Hold'em No Limit (€0.02/€0.05) - 2026/01/17 17:50:03 CET [2026/01/17 11:50:03 ET]
Table 'Asterope' 6-max Seat #1 is the button
Seat 1: trumoan (€11.55 in chips) 
Seat 2: mikoandy69 (€3.31 in chips) 
Seat 3: idealistslp (€0.73 in chips) 
Seat 4: Rourou1734 (€2.75 in chips) 
Seat 5: PokerPowerMPF (€6.54 in chips) 
Seat 6: pixussss (€6.88 in chips) 
mikoandy69: posts small blind €0.02
idealistslp: posts big blind €0.05
*** HOLE CARDS ***
Dealt to idealistslp [Tc 4s]
Rourou1734: folds 
PokerPowerMPF: folds 
pixussss: folds 
trumoan: raises €0.05 to €0.10
mikoandy69: folds 
idealistslp: folds 
Uncalled bet (€0.05) returned to trumoan
trumoan collected €0.12 from pot
trumoan: doesn't show hand 
*** SUMMARY ***
Total pot €0.12 | Rake €0 
Seat 1: trumoan (button) collected (€0.12)
Seat 2: mikoandy69 (small blind) folded before Flop
Seat 3: idealistslp (big blind) folded before Flop
Seat 4: Rourou1734 folded before Flop (didn't bet)
Seat 5: PokerPowerMPF folded before Flop (didn't bet)
Seat 6: pixussss folded before Flop (didn't bet)



PokerStars Zoom Hand #259349966631:  Hold'em No Limit (€0.02/€0.05) - 2026/01/17 17:49:41 CET [2026/01/17 11:49:41 ET]
Table 'Asterope' 6-max Seat #1 is the button
Seat 1: idealistslp (€0.75 in chips) 
Seat 2: Ischadia (€11.31 in chips) 
Seat 3: Ferchyman77 (€5.07 in chips) 
Seat 4: dami bni (€5.16 in chips) 
Seat 5: adricrack970 (€5.11 in chips) 
Seat 6: eooooo (€1.90 in chips) 
Ischadia: posts small blind €0.02
Ferchyman77: posts big blind €0.05
*** HOLE CARDS ***
Dealt to idealistslp [7s 8s]
dami bni: folds 
adricrack970: folds 
eooooo: raises €0.10 to €0.15
idealistslp: folds 
Ischadia: folds 
Ferchyman77: calls €0.10
*** FLOP *** [7h 3c 9d]
Ferchyman77: checks 
eooooo: checks 
*** TURN *** [7h 3c 9d] [Ks]
Ferchyman77: checks 
eooooo: checks 
*** RIVER *** [7h 3c 9d Ks] [9s]
Ferchyman77: checks 
eooooo: checks 
*** SHOW DOWN ***
Ferchyman77: shows [Js Ts] (a pair of Nines)
eooooo: shows [5s Ah] (a pair of Nines - Ace kicker)
eooooo collected €0.30 from pot
*** SUMMARY ***
Total pot €0.32 | Rake €0.02 
Board [7h 3c 9d Ks 9s]
Seat 1: idealistslp (button) folded before Flop (didn't bet)
Seat 2: Ischadia (small blind) folded before Flop
Seat 3: Ferchyman77 (big blind) showed [Js Ts] and lost with a pair of Nines
Seat 4: dami bni folded before Flop (didn't bet)
Seat 5: adricrack970 folded before Flop (didn't bet)
Seat 6: eooooo showed [5s Ah] and won (€0.30) with a pair of Nines



PokerStars Zoom Hand #259349974733:  Hold'em No Limit (€0.02/€0.05) - 2026/01/17 17:50:20 CET [2026/01/17 11:50:20 ET]
Table 'Asterope' 6-max Seat #1 is the button
Seat 1: idealistslp (€0.68 in chips) 
Seat 2: Pecadorll (€2.20 in chips) 
Seat 3: Bestiote (€1.96 in chips) 
Seat 4: eric 29880 (€3.88 in chips) 
Seat 5: ferm71f (€1.95 in chips) 
Seat 6: Cruasan17 (€1.98 in chips) 
Pecadorll: posts small blind €0.02
Bestiote: posts big blind €0.05
*** HOLE CARDS ***
Dealt to idealistslp [2c Ah]
eric 29880: folds 
ferm71f: folds 
Cruasan17: folds 
idealistslp: raises €0.05 to €0.10
Pecadorll: folds 
Bestiote: folds 
Uncalled bet (€0.05) returned to idealistslp
idealistslp collected €0.12 from pot
idealistslp: doesn't show hand 
*** SUMMARY ***
Total pot €0.12 | Rake €0 
Seat 1: idealistslp (button) collected (€0.12)
Seat 2: Pecadorll (small blind) folded before Flop
Seat 3: Bestiote (big blind) folded before Flop
Seat 4: eric 29880 folded before Flop (didn't bet)
Seat 5: ferm71f folded before Flop (didn't bet)
Seat 6: Cruasan17 folded before Flop (didn't bet)



PokerStars Zoom Hand #259349970122:  Hold'em No Limit (€0.02/€0.05) - 2026/01/17 17:49:58 CET [2026/01/17 11:49:58 ET]
Table 'Asterope' 6-max Seat #1 is the button
Seat 1: ibic22 (€5.73 in chips) 
Seat 2: dragonfly2467 (€5.65 in chips) 
Seat 3: eooooo (€1.14 in chips) 
Seat 4: SUPERHARMONY (€4.33 in chips) 
Seat 5: zevsmoura (€5.18 in chips) 
Seat 6: idealistslp (€0.73 in chips) 
dragonfly2467: posts small blind €0.02
eooooo: posts big blind €0.05
*** HOLE CARDS ***
Dealt to idealistslp [Qs Th]
SUPERHARMONY: raises €0.10 to €0.15
zevsmoura: folds 
idealistslp: folds 
ibic22: folds 
dragonfly2467: folds 
eooooo: calls €0.10
*** FLOP *** [Kd Js 3c]
eooooo: checks 
SUPERHARMONY: checks 
*** TURN *** [Kd Js 3c] [Jd]
eooooo: bets €0.20
SUPERHARMONY: folds 
Uncalled bet (€0.20) returned to eooooo
eooooo collected €0.30 from pot
eooooo: doesn't show hand 
*** SUMMARY ***
Total pot €0.32 | Rake €0.02 
Board [Kd Js 3c Jd]
Seat 1: ibic22 (button) folded before Flop (didn't bet)
Seat 2: dragonfly2467 (small blind) folded before Flop
Seat 3: eooooo (big blind) collected (€0.30)
Seat 4: SUPERHARMONY folded on the Turn
Seat 5: zevsmoura folded before Flop (didn't bet)
Seat 6: idealistslp folded before Flop (didn't bet)



PokerStars Zoom Hand #259349980213:  Hold'em No Limit (€0.02/€0.05) - 2026/01/17 17:50:46 CET [2026/01/17 11:50:46 ET]
Table 'Asterope' 6-max Seat #1 is the button
Seat 1: Blackdevil8889 (€4.54 in chips) 
Seat 2: smrj1976 (€5 in chips) 
Seat 3: dragonfly2467 (€5.02 in chips) 
Seat 4: idealistslp (€0.75 in chips) 
Seat 5: Pecadorll (€2.25 in chips) 
Seat 6: TiraFinos94 (€5 in chips) 
smrj1976: posts small blind €0.02
dragonfly2467: posts big blind €0.05
*** HOLE CARDS ***
Dealt to idealistslp [Th Qh]
idealistslp: raises €0.05 to €0.10
Pecadorll: folds 
TiraFinos94: folds 
Blackdevil8889: folds 
smrj1976: folds 
dragonfly2467: folds 
Uncalled bet (€0.05) returned to idealistslp
idealistslp collected €0.12 from pot
idealistslp: doesn't show hand 
*** SUMMARY ***
Total pot €0.12 | Rake €0 
Seat 1: Blackdevil8889 (button) folded before Flop (didn't bet)
Seat 2: smrj1976 (small blind) folded before Flop
Seat 3: dragonfly2467 (big blind) folded before Flop
Seat 4: idealistslp collected (€0.12)
Seat 5: Pecadorll folded before Flop (didn't bet)
Seat 6: TiraFinos94 folded before Flop (didn't bet)



PokerStars Zoom Hand #259349979027:  Hold'em No Limit (€0.02/€0.05) - 2026/01/17 17:50:40 CET [2026/01/17 11:50:40 ET]
Table 'Asterope' 6-max Seat #1 is the button
Seat 1: PokerPowerMPF (€6.52 in chips) 
Seat 2: Mfalmeida28 (€2.13 in chips) 
Seat 3: llodio (€5 in chips) 
Seat 4: Pecadorll (€2.25 in chips) 
Seat 5: chiinche (€18 in chips) 
Seat 6: idealistslp (€0.75 in chips) 
Mfalmeida28: posts small blind €0.02
llodio: posts big blind €0.05
*** HOLE CARDS ***
Dealt to idealistslp [3c 9s]
Pecadorll: folds 
chiinche: folds 
idealistslp: folds 
PokerPowerMPF has timed out
PokerPowerMPF: folds 
Mfalmeida28: folds 
Uncalled bet (€0.03) returned to llodio
llodio collected €0.04 from pot
llodio: doesn't show hand 
*** SUMMARY ***
Total pot €0.04 | Rake €0 
Seat 1: PokerPowerMPF (button) folded before Flop (didn't bet)
Seat 2: Mfalmeida28 (small blind) folded before Flop
Seat 3: llodio (big blind) collected (€0.04)
Seat 4: Pecadorll folded before Flop (didn't bet)
Seat 5: chiinche folded before Flop (didn't bet)
Seat 6: idealistslp folded before Flop (didn't bet)



PokerStars Zoom Hand #259349977945:  Hold'em No Limit (€0.02/€0.05) - 2026/01/17 17:50:35 CET [2026/01/17 11:50:35 ET]
Table 'Asterope' 6-max Seat #1 is the button
Seat 1: TiraFinos94 (€5 in chips) 
Seat 2: Jorgebcn76 (€16.84 in chips) 
Seat 3: Mathattaque86 (€1.76 in chips) 
Seat 4: ibic22 (€5.73 in chips) 
Seat 5: idealistslp (€0.75 in chips) 
Seat 6: chiinche (€18 in chips) 
Jorgebcn76: posts small blind €0.02
Mathattaque86: posts big blind €0.05
*** HOLE CARDS ***
Dealt to idealistslp [Qh 2s]
ibic22: raises €0.10 to €0.15
idealistslp: folds 
chiinche: folds 
TiraFinos94: folds 
Jorgebcn76: folds 
Mathattaque86: raises €1.61 to €1.76 and is all-in
ibic22: calls €1.61
*** FLOP *** [3c 3d 9h]
*** TURN *** [3c 3d 9h] [6c]
*** RIVER *** [3c 3d 9h 6c] [8d]
*** SHOW DOWN ***
Mathattaque86: shows [5h 5d] (two pair, Fives and Threes)
ibic22: shows [Ah As] (two pair, Aces and Threes)
ibic22 collected €3.36 from pot
*** SUMMARY ***
Total pot €3.54 | Rake €0.18 
Board [3c 3d 9h 6c 8d]
Seat 1: TiraFinos94 (button) folded before Flop (didn't bet)
Seat 2: Jorgebcn76 (small blind) folded before Flop
Seat 3: Mathattaque86 (big blind) showed [5h 5d] and lost with two pair, Fives and Threes
Seat 4: ibic22 showed [Ah As] and won (€3.36) with two pair, Aces and Threes
Seat 5: idealistslp folded before Flop (didn't bet)
Seat 6: chiinche folded before Flop (didn't bet)



PokerStars Zoom Hand #259349983181:  Hold'em No Limit (€0.02/€0.05) - 2026/01/17 17:51:00 CET [2026/01/17 11:51:00 ET]
Table 'Asterope' 6-max Seat #1 is the button
Seat 1: juantiogot (€15.68 in chips) 
Seat 2: SUPERHARMONY (€8.70 in chips) 
Seat 3: eooooo (€2.03 in chips) 
Seat 4: idealistslp (€0.82 in chips) 
Seat 5: rare12345 (€11.22 in chips) 
Seat 6: PokerPowerMPF (€6.52 in chips) 
SUPERHARMONY: posts small blind €0.02
eooooo: posts big blind €0.05
*** HOLE CARDS ***
Dealt to idealistslp [Ad 4s]
idealistslp: raises €0.05 to €0.10
rare12345: folds 
PokerPowerMPF: folds 
juantiogot: calls €0.10
SUPERHARMONY: raises €0.35 to €0.45
eooooo: folds 
idealistslp: folds 
juantiogot: folds 
Uncalled bet (€0.35) returned to SUPERHARMONY
SUPERHARMONY collected €0.35 from pot
SUPERHARMONY: doesn't show hand 
*** SUMMARY ***
Total pot €0.35 | Rake €0 
Seat 1: juantiogot (button) folded before Flop
Seat 2: SUPERHARMONY (small blind) collected (€0.35)
Seat 3: eooooo (big blind) folded before Flop
Seat 4: idealistslp folded before Flop
Seat 5: rare12345 folded before Flop (didn't bet)
Seat 6: PokerPowerMPF folded before Flop (didn't bet)



PokerStars Zoom Hand #259349986156:  Hold'em No Limit (€0.02/€0.05) - 2026/01/17 17:51:15 CET [2026/01/17 11:51:15 ET]
Table 'Asterope' 6-max Seat #1 is the button
Seat 1: Ivangennaro (€13.11 in chips) 
Seat 2: pixussss (€11.81 in chips) 
Seat 3: idealistslp (€0.72 in chips) 
Seat 4: eooooo (€5.31 in chips) 
Seat 5: llodio (€5.61 in chips) 
Seat 6: Pecadorll (€2.20 in chips) 
pixussss: posts small blind €0.02
idealistslp: posts big blind €0.05
*** HOLE CARDS ***
Dealt to idealistslp [8h 6d]
eooooo: folds 
llodio: folds 
Pecadorll: folds 
Ivangennaro: folds 
pixussss: raises €0.05 to €0.10
idealistslp: folds 
Uncalled bet (€0.05) returned to pixussss
pixussss collected €0.10 from pot
pixussss: doesn't show hand 
*** SUMMARY ***
Total pot €0.10 | Rake €0 
Seat 1: Ivangennaro (button) folded before Flop (didn't bet)
Seat 2: pixussss (small blind) collected (€0.10)
Seat 3: idealistslp (big blind) folded before Flop
Seat 4: eooooo folded before Flop (didn't bet)
Seat 5: llodio folded before Flop (didn't bet)
Seat 6: Pecadorll folded before Flop (didn't bet)



PokerStars Zoom Hand #259349989510:  Hold'em No Limit (€0.02/€0.05) - 2026/01/17 17:51:30 CET [2026/01/17 11:51:30 ET]
Table 'Asterope' 6-max Seat #1 is the button
Seat 1: juancathree (€4.49 in chips) 
Seat 2: miguelams27 (€7.05 in chips) 
Seat 3: dragonfly2467 (€5.05 in chips) 
Seat 4: rare12345 (€5.75 in chips) 
Seat 5: ibic22 (€13.79 in chips) 
Seat 6: idealistslp (€0.65 in chips) 
miguelams27: posts small blind €0.02
dragonfly2467: posts big blind €0.05
*** HOLE CARDS ***
Dealt to idealistslp [Ks 5c]
rare12345: folds 
ibic22: folds 
idealistslp: folds 
juancathree: folds 
miguelams27: folds 
Uncalled bet (€0.03) returned to dragonfly2467
dragonfly2467 collected €0.04 from pot
dragonfly2467: doesn't show hand 
*** SUMMARY ***
Total pot €0.04 | Rake €0 
Seat 1: juancathree (button) folded before Flop (didn't bet)
Seat 2: miguelams27 (small blind) folded before Flop
Seat 3: dragonfly2467 (big blind) collected (€0.04)
Seat 4: rare12345 folded before Flop (didn't bet)
Seat 5: ibic22 folded before Flop (didn't bet)
Seat 6: idealistslp folded before Flop (didn't bet)



PokerStars Zoom Hand #259349988447:  Hold'em No Limit (€0.02/€0.05) - 2026/01/17 17:51:25 CET [2026/01/17 11:51:25 ET]
Table 'Asterope' 6-max Seat #1 is the button
Seat 1: Magalhaes763 (€3.40 in chips) 
Seat 2: idealistslp (€0.67 in chips) 
Seat 3: trumoan (€10.77 in chips) 
Seat 4: Darkat79 (€5 in chips) 
Seat 5: saharkesler (€9.03 in chips) 
Seat 6: miguelams27 (€7.05 in chips) 
idealistslp: posts small blind €0.02
trumoan: posts big blind €0.05
*** HOLE CARDS ***
Dealt to idealistslp [7s Jc]
Darkat79: folds 
saharkesler: folds 
miguelams27: folds 
Magalhaes763: raises €0.05 to €0.10
idealistslp: folds 
trumoan: folds 
Uncalled bet (€0.05) returned to Magalhaes763
Magalhaes763 collected €0.12 from pot
Magalhaes763: doesn't show hand 
*** SUMMARY ***
Total pot €0.12 | Rake €0 
Seat 1: Magalhaes763 (button) collected (€0.12)
Seat 2: idealistslp (small blind) folded before Flop
Seat 3: trumoan (big blind) folded before Flop
Seat 4: Darkat79 folded before Flop (didn't bet)
Seat 5: saharkesler folded before Flop (didn't bet)
Seat 6: miguelams27 folded before Flop (didn't bet)



PokerStars Zoom Hand #259349990368:  Hold'em No Limit (€0.02/€0.05) - 2026/01/17 17:51:34 CET [2026/01/17 11:51:34 ET]
Table 'Asterope' 6-max Seat #1 is the button
Seat 1: idealistslp (€0.65 in chips) 
Seat 2: Jorgebcn76 (€5.26 in chips) 
Seat 3: crmLL (€3.56 in chips) 
Seat 4: Pecadorll (€2.18 in chips) 
Seat 5: rare12345 (€5.75 in chips) 
Seat 6: llodio (€5.02 in chips) 
Jorgebcn76: posts small blind €0.02
crmLL: posts big blind €0.05
*** HOLE CARDS ***
Dealt to idealistslp [Ad 3d]
Pecadorll: folds 
rare12345: folds 
llodio: folds 
idealistslp: raises €0.05 to €0.10
Jorgebcn76: calls €0.08
crmLL: folds 
*** FLOP *** [4c 6c 6h]
Jorgebcn76: checks 
idealistslp: bets €0.12
Jorgebcn76: folds 
Uncalled bet (€0.12) returned to idealistslp
idealistslp collected €0.24 from pot
idealistslp: doesn't show hand 
*** SUMMARY ***
Total pot €0.25 | Rake €0.01 
Board [4c 6c 6h]
Seat 1: idealistslp (button) collected (€0.24)
Seat 2: Jorgebcn76 (small blind) folded on the Flop
Seat 3: crmLL (big blind) folded before Flop
Seat 4: Pecadorll folded before Flop (didn't bet)
Seat 5: rare12345 folded before Flop (didn't bet)
Seat 6: llodio folded before Flop (didn't bet)



PokerStars Zoom Hand #259349999757:  Hold'em No Limit (€0.02/€0.05) - 2026/01/17 17:52:20 CET [2026/01/17 11:52:20 ET]
Table 'Asterope' 6-max Seat #1 is the button
Seat 1: rare12345 (€7.28 in chips) 
Seat 2: TiraFinos94 (€5.44 in chips) 
Seat 3: El Tojó (€5.32 in chips) 
Seat 4: Fiveen (€2.02 in chips) 
Seat 5: idealistslp (€0.79 in chips) 
Seat 6: crmLL (€8.23 in chips) 
TiraFinos94: posts small blind €0.02
El Tojó: posts big blind €0.05
*** HOLE CARDS ***
Dealt to idealistslp [4d 2c]
Fiveen: folds 
idealistslp: folds 
crmLL: folds 
rare12345: raises €0.07 to €0.12
TiraFinos94: folds 
El Tojó: folds 
Uncalled bet (€0.07) returned to rare12345
rare12345 collected €0.12 from pot
rare12345: doesn't show hand 
*** SUMMARY ***
Total pot €0.12 | Rake €0 
Seat 1: rare12345 (button) collected (€0.12)
Seat 2: TiraFinos94 (small blind) folded before Flop
Seat 3: El Tojó (big blind) folded before Flop
Seat 4: Fiveen folded before Flop (didn't bet)
Seat 5: idealistslp folded before Flop (didn't bet)
Seat 6: crmLL folded before Flop (didn't bet)



PokerStars Zoom Hand #259350000379:  Hold'em No Limit (€0.02/€0.05) - 2026/01/17 17:52:23 CET [2026/01/17 11:52:23 ET]
Table 'Asterope' 6-max Seat #1 is the button
Seat 1: juancathree (€4.89 in chips) 
Seat 2: pixussss (€7.10 in chips) 
Seat 3: idealistslp (€0.79 in chips) 
Seat 4: Ischadia (€16.16 in chips) 
Seat 5: PokerPowerMPF (€5.02 in chips) 
Seat 6: Pabley27 (€11.05 in chips) 
pixussss: posts small blind €0.02
idealistslp: posts big blind €0.05
*** HOLE CARDS ***
Dealt to idealistslp [4d 8h]
Ischadia: folds 
PokerPowerMPF: folds 
Pabley27: folds 
juancathree: folds 
pixussss: folds 
Uncalled bet (€0.03) returned to idealistslp
idealistslp collected €0.04 from pot
idealistslp: doesn't show hand 
*** SUMMARY ***
Total pot €0.04 | Rake €0 
Seat 1: juancathree (button) folded before Flop (didn't bet)
Seat 2: pixussss (small blind) folded before Flop
Seat 3: idealistslp (big blind) collected (€0.04)
Seat 4: Ischadia folded before Flop (didn't bet)
Seat 5: PokerPowerMPF folded before Flop (didn't bet)
Seat 6: Pabley27 folded before Flop (didn't bet)



PokerStars Zoom Hand #259350004954:  Hold'em No Limit (€0.02/€0.05) - 2026/01/17 17:52:45 CET [2026/01/17 11:52:45 ET]
Table 'Asterope' 6-max Seat #1 is the button
Seat 1: bilboubou78 (€5 in chips) 
Seat 2: idealistslp (€0.81 in chips) 
Seat 3: el_heniek (€8.63 in chips) 
Seat 4: chiinche (€17.71 in chips) 
Seat 5: dami bni (€4.96 in chips) 
Seat 6: j.cerqueira (€4.67 in chips) 
idealistslp: posts small blind €0.02
el_heniek: posts big blind €0.05
*** HOLE CARDS ***
Dealt to idealistslp [9c 7h]
chiinche: folds 
dami bni: folds 
j.cerqueira: folds 
bilboubou78: folds 
idealistslp: folds 
Uncalled bet (€0.03) returned to el_heniek
el_heniek collected €0.04 from pot
el_heniek: doesn't show hand 
*** SUMMARY ***
Total pot €0.04 | Rake €0 
Seat 1: bilboubou78 (button) folded before Flop (didn't bet)
Seat 2: idealistslp (small blind) folded before Flop
Seat 3: el_heniek (big blind) collected (€0.04)
Seat 4: chiinche folded before Flop (didn't bet)
Seat 5: dami bni folded before Flop (didn't bet)
Seat 6: j.cerqueira folded before Flop (didn't bet)



PokerStars Zoom Hand #259350003947:  Hold'em No Limit (€0.02/€0.05) - 2026/01/17 17:52:40 CET [2026/01/17 11:52:40 ET]
Table 'Asterope' 6-max Seat #1 is the button
Seat 1: idealistslp (€0.81 in chips) 
Seat 2: rare12345 (€7.35 in chips) 
Seat 3: juancathree (€4.89 in chips) 
Seat 4: LittleVerole (€7.62 in chips) 
Seat 5: indiiiopraiiia (€1.82 in chips) 
Seat 6: fouthkings (€4.20 in chips) 
rare12345: posts small blind €0.02
juancathree: posts big blind €0.05
*** HOLE CARDS ***
Dealt to idealistslp [Tc 7s]
LittleVerole: folds 
indiiiopraiiia: folds 
fouthkings: raises €0.12 to €0.17
idealistslp: folds 
rare12345: calls €0.15
juancathree: folds 
*** FLOP *** [2h Th 7c]
rare12345: checks 
fouthkings: bets €0.37
rare12345: folds 
Uncalled bet (€0.37) returned to fouthkings
fouthkings collected €0.37 from pot
fouthkings: doesn't show hand 
*** SUMMARY ***
Total pot €0.39 | Rake €0.02 
Board [2h Th 7c]
Seat 1: idealistslp (button) folded before Flop (didn't bet)
Seat 2: rare12345 (small blind) folded on the Flop
Seat 3: juancathree (big blind) folded before Flop
Seat 4: LittleVerole folded before Flop (didn't bet)
Seat 5: indiiiopraiiia folded before Flop (didn't bet)
Seat 6: fouthkings collected (€0.37)



PokerStars Zoom Hand #259350006909:  Hold'em No Limit (€0.02/€0.05) - 2026/01/17 17:52:54 CET [2026/01/17 11:52:54 ET]
Table 'Asterope' 6-max Seat #1 is the button
Seat 1: LittleVerole (€7.64 in chips) 
Seat 2: llodio (€5 in chips) 
Seat 3: malumbresbar (€6.19 in chips) 
Seat 4: idealistslp (€0.79 in chips) 
Seat 5: Bestiote (€2.21 in chips) 
Seat 6: rare12345 (€11.41 in chips) 
llodio: posts small blind €0.02
malumbresbar: posts big blind €0.05
*** HOLE CARDS ***
Dealt to idealistslp [9d Td]
idealistslp: folds 
Bestiote: folds 
rare12345: folds 
LittleVerole: folds 
llodio: folds 
Uncalled bet (€0.03) returned to malumbresbar
malumbresbar collected €0.04 from pot
malumbresbar: doesn't show hand 
*** SUMMARY ***
Total pot €0.04 | Rake €0 
Seat 1: LittleVerole (button) folded before Flop (didn't bet)
Seat 2: llodio (small blind) folded before Flop
Seat 3: malumbresbar (big blind) collected (€0.04)
Seat 4: idealistslp folded before Flop (didn't bet)
Seat 5: Bestiote folded before Flop (didn't bet)
Seat 6: rare12345 folded before Flop (didn't bet)



PokerStars Zoom Hand #259349998566:  Hold'em No Limit (€0.02/€0.05) - 2026/01/17 17:52:14 CET [2026/01/17 11:52:14 ET]
Table 'Asterope' 6-max Seat #1 is the button
Seat 1: saharkesler (€5.07 in chips) 
Seat 2: Portugalkin2025 (€3.69 in chips) 
Seat 3: mikoandy69 (€3.29 in chips) 
Seat 4: TiraFinos94 (€5.44 in chips) 
Seat 5: idealistslp (€0.79 in chips) 
Seat 6: cirsa888 (€4.83 in chips) 
Portugalkin2025: posts small blind €0.02
mikoandy69: posts big blind €0.05
*** HOLE CARDS ***
Dealt to idealistslp [3d Kh]
TiraFinos94: folds 
idealistslp: folds 
cirsa888: folds 
saharkesler: raises €0.07 to €0.12
Portugalkin2025: folds 
mikoandy69: calls €0.07
*** FLOP *** [9d Jh Td]
mikoandy69: bets €0.13
saharkesler: calls €0.13
*** TURN *** [9d Jh Td] [2h]
mikoandy69: bets €0.49
saharkesler: raises €3.11 to €3.60
mikoandy69: calls €2.55 and is all-in
Uncalled bet (€0.56) returned to saharkesler
*** RIVER *** [9d Jh Td 2h] [2s]
*** SHOW DOWN ***
mikoandy69: shows [Qs Kd] (a straight, Nine to King)
saharkesler: shows [7s 8s] (a straight, Seven to Jack)
mikoandy69 collected €6.27 from pot
*** SUMMARY ***
Total pot €6.60 | Rake €0.33 
Board [9d Jh Td 2h 2s]
Seat 1: saharkesler (button) showed [7s 8s] and lost with a straight, Seven to Jack
Seat 2: Portugalkin2025 (small blind) folded before Flop
Seat 3: mikoandy69 (big blind) showed [Qs Kd] and won (€6.27) with a straight, Nine to King
Seat 4: TiraFinos94 folded before Flop (didn't bet)
Seat 5: idealistslp folded before Flop (didn't bet)
Seat 6: cirsa888 folded before Flop (didn't bet)



PokerStars Zoom Hand #259350010301:  Hold'em No Limit (€0.02/€0.05) - 2026/01/17 17:53:10 CET [2026/01/17 11:53:10 ET]
Table 'Asterope' 6-max Seat #1 is the button
Seat 1: idealistslp (€0.77 in chips) 
Seat 2: pixussss (€12.42 in chips) 
Seat 3: hervanta (€4.36 in chips) 
Seat 4: glandeur66 (€4.94 in chips) 
Seat 5: juancathree (€4.82 in chips) 
Seat 6: seriomarkos (€3.98 in chips) 
pixussss: posts small blind €0.02
hervanta: posts big blind €0.05
*** HOLE CARDS ***
Dealt to idealistslp [5s Ts]
glandeur66: folds 
juancathree: folds 
seriomarkos: folds 
idealistslp: folds 
pixussss: raises €0.05 to €0.10
hervanta: folds 
Uncalled bet (€0.05) returned to pixussss
pixussss collected €0.10 from pot
pixussss: doesn't show hand 
*** SUMMARY ***
Total pot €0.10 | Rake €0 
Seat 1: idealistslp (button) folded before Flop (didn't bet)
Seat 2: pixussss (small blind) collected (€0.10)
Seat 3: hervanta (big blind) folded before Flop
Seat 4: glandeur66 folded before Flop (didn't bet)
Seat 5: juancathree folded before Flop (didn't bet)
Seat 6: seriomarkos folded before Flop (didn't bet)



PokerStars Zoom Hand #259350006123:  Hold'em No Limit (€0.02/€0.05) - 2026/01/17 17:52:50 CET [2026/01/17 11:52:50 ET]
Table 'Asterope' 6-max Seat #1 is the button
Seat 1: Bestiote (€2.21 in chips) 
Seat 2: AEIOU22222 (€1.88 in chips) 
Seat 3: seriomarkos (€5.56 in chips) 
Seat 4: SexybabySexymum (€5.97 in chips) 
Seat 5: estrellabea (€3.32 in chips) 
Seat 6: idealistslp (€0.79 in chips) 
AEIOU22222: posts small blind €0.02
seriomarkos: posts big blind €0.05
*** HOLE CARDS ***
Dealt to idealistslp [9d 5c]
SexybabySexymum: folds 
estrellabea: calls €0.05
idealistslp: folds 
Bestiote: folds 
AEIOU22222: calls €0.03
seriomarkos: checks 
*** FLOP *** [Ts Qh 4c]
AEIOU22222: bets €0.14
seriomarkos: calls €0.14
estrellabea: calls €0.14
*** TURN *** [Ts Qh 4c] [7h]
AEIOU22222: bets €0.27
seriomarkos: calls €0.27
estrellabea: calls €0.27
*** RIVER *** [Ts Qh 4c 7h] [2d]
AEIOU22222: bets €1.31
seriomarkos: folds 
estrellabea: folds 
Uncalled bet (€1.31) returned to AEIOU22222
AEIOU22222 collected €1.31 from pot
AEIOU22222: doesn't show hand 
*** SUMMARY ***
Total pot €1.38 | Rake €0.07 
Board [Ts Qh 4c 7h 2d]
Seat 1: Bestiote (button) folded before Flop (didn't bet)
Seat 2: AEIOU22222 (small blind) collected (€1.31)
Seat 3: seriomarkos (big blind) folded on the River
Seat 4: SexybabySexymum folded before Flop (didn't bet)
Seat 5: estrellabea folded on the River
Seat 6: idealistslp folded before Flop (didn't bet)



PokerStars Zoom Hand #259350009689:  Hold'em No Limit (€0.02/€0.05) - 2026/01/17 17:53:07 CET [2026/01/17 11:53:07 ET]
Table 'Asterope' 6-max Seat #1 is the button
Seat 1: crmLL (€8.23 in chips) 
Seat 2: idealistslp (€0.79 in chips) 
Seat 3: chiinche (€17.71 in chips) 
Seat 4: joan837 (€2.47 in chips) 
Seat 5: malumbresbar (€6.21 in chips) 
Seat 6: eooooo (€5.86 in chips) 
idealistslp: posts small blind €0.02
chiinche: posts big blind €0.05
*** HOLE CARDS ***
Dealt to idealistslp [9s 7h]
joan837: calls €0.05
malumbresbar: folds 
eooooo: folds 
crmLL: folds 
idealistslp: folds 
chiinche: checks 
*** FLOP *** [Th 3h Ac]
chiinche: checks 
joan837: bets €0.10
chiinche: folds 
Uncalled bet (€0.10) returned to joan837
joan837 collected €0.11 from pot
joan837: doesn't show hand 
*** SUMMARY ***
Total pot €0.12 | Rake €0.01 
Board [Th 3h Ac]
Seat 1: crmLL (button) folded before Flop (didn't bet)
Seat 2: idealistslp (small blind) folded before Flop
Seat 3: chiinche (big blind) folded on the Flop
Seat 4: joan837 collected (€0.11)
Seat 5: malumbresbar folded before Flop (didn't bet)
Seat 6: eooooo folded before Flop (didn't bet)



PokerStars Zoom Hand #259350008787:  Hold'em No Limit (€0.02/€0.05) - 2026/01/17 17:53:03 CET [2026/01/17 11:53:03 ET]
Table 'Asterope' 6-max Seat #1 is the button
Seat 1: TiraFinos94 (€5.22 in chips) 
Seat 2: crmLL (€8.25 in chips) 
Seat 3: SOSCHI007 (€5.49 in chips) 
Seat 4: idealistslp (€0.79 in chips) 
Seat 5: dami bni (€4.96 in chips) 
Seat 6: rare12345 (€7.18 in chips) 
crmLL: posts small blind €0.02
SOSCHI007: posts big blind €0.05
*** HOLE CARDS ***
Dealt to idealistslp [9h 4h]
idealistslp: folds 
dami bni: folds 
rare12345: folds 
TiraFinos94: raises €0.10 to €0.15
crmLL: folds 
SOSCHI007: raises €5.34 to €5.49 and is all-in
TiraFinos94: folds 
Uncalled bet (€5.34) returned to SOSCHI007
SOSCHI007 collected €0.32 from pot
SOSCHI007: doesn't show hand 
*** SUMMARY ***
Total pot €0.32 | Rake €0 
Seat 1: TiraFinos94 (button) folded before Flop
Seat 2: crmLL (small blind) folded before Flop
Seat 3: SOSCHI007 (big blind) collected (€0.32)
Seat 4: idealistslp folded before Flop (didn't bet)
Seat 5: dami bni folded before Flop (didn't bet)
Seat 6: rare12345 folded before Flop (didn't bet)



PokerStars Zoom Hand #259350011173:  Hold'em No Limit (€0.02/€0.05) - 2026/01/17 17:53:14 CET [2026/01/17 11:53:14 ET]
Table 'Asterope' 6-max Seat #1 is the button
Seat 1: juancathree (€4.82 in chips) 
Seat 2: MAVERICK298 (€4.95 in chips) 
Seat 3: Jorgebcn76 (€7.81 in chips) 
Seat 4: miguelams27 (€7.13 in chips) 
Seat 5: idealistslp (€0.77 in chips) 
Seat 6: Cruasan17 (€3.67 in chips) 
MAVERICK298: posts small blind €0.02
Jorgebcn76: posts big blind €0.05
*** HOLE CARDS ***
Dealt to idealistslp [5h Tc]
miguelams27: folds 
idealistslp: folds 
Cruasan17: raises €0.10 to €0.15
juancathree: folds 
MAVERICK298: calls €0.13
Jorgebcn76: folds 
*** FLOP *** [Js Kd 6h]
MAVERICK298: checks 
Cruasan17: checks 
*** TURN *** [Js Kd 6h] [Qs]
MAVERICK298: checks 
Cruasan17: checks 
*** RIVER *** [Js Kd 6h Qs] [4s]
MAVERICK298: bets €0.17
Cruasan17: folds 
Uncalled bet (€0.17) returned to MAVERICK298
MAVERICK298 collected €0.33 from pot
MAVERICK298: doesn't show hand 
*** SUMMARY ***
Total pot €0.35 | Rake €0.02 
Board [Js Kd 6h Qs 4s]
Seat 1: juancathree (button) folded before Flop (didn't bet)
Seat 2: MAVERICK298 (small blind) collected (€0.33)
Seat 3: Jorgebcn76 (big blind) folded before Flop
Seat 4: miguelams27 folded before Flop (didn't bet)
Seat 5: idealistslp folded before Flop (didn't bet)
Seat 6: Cruasan17 folded on the River



PokerStars Zoom Hand #259350012910:  Hold'em No Limit (€0.02/€0.05) - 2026/01/17 17:53:22 CET [2026/01/17 11:53:22 ET]
Table 'Asterope' 6-max Seat #1 is the button
Seat 1: Darkat79 (€5 in chips) 
Seat 2: Ischadia (€16.03 in chips) 
Seat 3: SUPERHARMONY (€5.22 in chips) 
Seat 4: Jorgebcn76 (€16.46 in chips) 
Seat 5: Ferchyman77 (€5.05 in chips) 
Seat 6: idealistslp (€0.72 in chips) 
Ischadia: posts small blind €0.02
SUPERHARMONY: posts big blind €0.05
*** HOLE CARDS ***
Dealt to idealistslp [Kc Qh]
Jorgebcn76: folds 
Ferchyman77: folds 
idealistslp: raises €0.05 to €0.10
Darkat79: folds 
Ischadia: folds 
SUPERHARMONY: raises €0.22 to €0.32
idealistslp: calls €0.22
*** FLOP *** [5d 8s 3s]
SUPERHARMONY: bets €0.47
idealistslp: folds 
Uncalled bet (€0.47) returned to SUPERHARMONY
SUPERHARMONY collected €0.63 from pot
SUPERHARMONY: doesn't show hand 
*** SUMMARY ***
Total pot €0.66 | Rake €0.03 
Board [5d 8s 3s]
Seat 1: Darkat79 (button) folded before Flop (didn't bet)
Seat 2: Ischadia (small blind) folded before Flop
Seat 3: SUPERHARMONY (big blind) collected (€0.63)
Seat 4: Jorgebcn76 folded before Flop (didn't bet)
Seat 5: Ferchyman77 folded before Flop (didn't bet)
Seat 6: idealistslp folded on the Flop



PokerStars Zoom Hand #259350011870:  Hold'em No Limit (€0.02/€0.05) - 2026/01/17 17:53:17 CET [2026/01/17 11:53:17 ET]
Table 'Asterope' 6-max Seat #1 is the button
Seat 1: PokerPowerMPF (€5 in chips) 
Seat 2: ibic22 (€8.71 in chips) 
Seat 3: idealistslp (€0.77 in chips) 
Seat 4: SexybabySexymum (€5.05 in chips) 
Seat 5: Ivangennaro (€13.06 in chips) 
Seat 6: miguelams27 (€7.13 in chips) 
ibic22: posts small blind €0.02
idealistslp: posts big blind €0.05
*** HOLE CARDS ***
Dealt to idealistslp [5h 3h]
SexybabySexymum: raises €0.07 to €0.12
Ivangennaro: folds 
miguelams27: folds 
PokerPowerMPF: folds 
ibic22: calls €0.10
idealistslp: folds 
*** FLOP *** [Jh 8c 7c]
ibic22: checks 
SexybabySexymum: checks 
*** TURN *** [Jh 8c 7c] [3s]
ibic22: checks 
SexybabySexymum: checks 
*** RIVER *** [Jh 8c 7c 3s] [6s]
ibic22: checks 
SexybabySexymum: checks 
*** SHOW DOWN ***
ibic22: shows [Ks Qh] (high card King)
SexybabySexymum: shows [As Ts] (high card Ace)
SexybabySexymum collected €0.28 from pot
*** SUMMARY ***
Total pot €0.29 | Rake €0.01 
Board [Jh 8c 7c 3s 6s]
Seat 1: PokerPowerMPF (button) folded before Flop (didn't bet)
Seat 2: ibic22 (small blind) showed [Ks Qh] and lost with high card King
Seat 3: idealistslp (big blind) folded before Flop
Seat 4: SexybabySexymum showed [As Ts] and won (€0.28) with high card Ace
Seat 5: Ivangennaro folded before Flop (didn't bet)
Seat 6: miguelams27 folded before Flop (didn't bet)



PokerStars Zoom Hand #259350021087:  Hold'em No Limit (€0.02/€0.05) - 2026/01/17 17:54:01 CET [2026/01/17 11:54:01 ET]
Table 'Asterope' 6-max Seat #1 is the button
Seat 1: Ischadia (€16.03 in chips) 
Seat 2: smrj1976 (€6.06 in chips) 
Seat 3: crmLL (€3.34 in chips) 
Seat 4: idealistslp (€0.40 in chips) 
Seat 5: SOSCHI007 (€5.59 in chips) 
Seat 6: llodio (€5.12 in chips) 
smrj1976: posts small blind €0.02
crmLL: posts big blind €0.05
*** HOLE CARDS ***
Dealt to idealistslp [3d 6d]
idealistslp: folds 
SOSCHI007: folds 
llodio: folds 
Ischadia: folds 
smrj1976: folds 
Uncalled bet (€0.03) returned to crmLL
crmLL collected €0.04 from pot
crmLL: doesn't show hand 
*** SUMMARY ***
Total pot €0.04 | Rake €0 
Seat 1: Ischadia (button) folded before Flop (didn't bet)
Seat 2: smrj1976 (small blind) folded before Flop
Seat 3: crmLL (big blind) collected (€0.04)
Seat 4: idealistslp folded before Flop (didn't bet)
Seat 5: SOSCHI007 folded before Flop (didn't bet)
Seat 6: llodio folded before Flop (didn't bet)



PokerStars Zoom Hand #259350022021:  Hold'em No Limit (€0.02/€0.05) - 2026/01/17 17:54:05 CET [2026/01/17 11:54:05 ET]
Table 'Asterope' 6-max Seat #1 is the button
Seat 1: Valentin3151 (€1.74 in chips) 
Seat 2: Ivangennaro (€5.67 in chips) 
Seat 3: idealistslp (€0.40 in chips) 
Seat 4: rare12345 (€11.34 in chips) 
Seat 5: saharkesler (€10.85 in chips) 
Seat 6: zevsmoura (€4.82 in chips) 
Ivangennaro: posts small blind €0.02
idealistslp: posts big blind €0.05
*** HOLE CARDS ***
Dealt to idealistslp [Ad 6c]
rare12345: raises €0.07 to €0.12
saharkesler: folds 
zevsmoura: folds 
Valentin3151: folds 
Ivangennaro: folds 
idealistslp: calls €0.07
*** FLOP *** [2d 9c 4d]
idealistslp: bets €0.13
rare12345: folds 
Uncalled bet (€0.13) returned to idealistslp
idealistslp collected €0.25 from pot
idealistslp: doesn't show hand 
*** SUMMARY ***
Total pot €0.26 | Rake €0.01 
Board [2d 9c 4d]
Seat 1: Valentin3151 (button) folded before Flop (didn't bet)
Seat 2: Ivangennaro (small blind) folded before Flop
Seat 3: idealistslp (big blind) collected (€0.25)
Seat 4: rare12345 folded on the Flop
Seat 5: saharkesler folded before Flop (didn't bet)
Seat 6: zevsmoura folded before Flop (didn't bet)



PokerStars Zoom Hand #259350030574:  Hold'em No Limit (€0.02/€0.05) - 2026/01/17 17:54:46 CET [2026/01/17 11:54:46 ET]
Table 'Asterope' 6-max Seat #1 is the button
Seat 1: MAVERICK298 (€5.24 in chips) 
Seat 2: PokerPowerMPF (€7.17 in chips) 
Seat 3: Pabley27 (€8.46 in chips) 
Seat 4: juancathree (€5.01 in chips) 
Seat 5: SOSCHI007 (€4.46 in chips) 
Seat 6: idealistslp (€0.51 in chips) 
PokerPowerMPF: posts small blind €0.02
Pabley27: posts big blind €0.05
*** HOLE CARDS ***
Dealt to idealistslp [6h 3c]
juancathree: folds 
SOSCHI007: folds 
idealistslp: folds 
MAVERICK298: folds 
PokerPowerMPF: folds 
Uncalled bet (€0.03) returned to Pabley27
Pabley27 collected €0.04 from pot
Pabley27: doesn't show hand 
*** SUMMARY ***
Total pot €0.04 | Rake €0 
Seat 1: MAVERICK298 (button) folded before Flop (didn't bet)
Seat 2: PokerPowerMPF (small blind) folded before Flop
Seat 3: Pabley27 (big blind) collected (€0.04)
Seat 4: juancathree folded before Flop (didn't bet)
Seat 5: SOSCHI007 folded before Flop (didn't bet)
Seat 6: idealistslp folded before Flop (didn't bet)



PokerStars Zoom Hand #259350032274:  Hold'em No Limit (€0.02/€0.05) - 2026/01/17 17:54:54 CET [2026/01/17 11:54:54 ET]
Table 'Asterope' 6-max Seat #1 is the button
Seat 1: fouthkings (€6.21 in chips) 
Seat 2: Jorgebcn76 (€5.56 in chips) 
Seat 3: ibic22 (€7.09 in chips) 
Seat 4: chiinche (€16.28 in chips) 
Seat 5: idealistslp (€0.51 in chips) 
Seat 6: david sagunt (€0.98 in chips) 
Jorgebcn76: posts small blind €0.02
ibic22: posts big blind €0.05
*** HOLE CARDS ***
Dealt to idealistslp [Ad 4c]
chiinche: folds 
idealistslp: raises €0.05 to €0.10
david sagunt: folds 
fouthkings: folds 
Jorgebcn76: folds 
ibic22: folds 
Uncalled bet (€0.05) returned to idealistslp
idealistslp collected €0.12 from pot
idealistslp: doesn't show hand 
*** SUMMARY ***
Total pot €0.12 | Rake €0 
Seat 1: fouthkings (button) folded before Flop (didn't bet)
Seat 2: Jorgebcn76 (small blind) folded before Flop
Seat 3: ibic22 (big blind) folded before Flop
Seat 4: chiinche folded before Flop (didn't bet)
Seat 5: idealistslp collected (€0.12)
Seat 6: david sagunt folded before Flop (didn't bet)



PokerStars Zoom Hand #259350026458:  Hold'em No Limit (€0.02/€0.05) - 2026/01/17 17:54:26 CET [2026/01/17 11:54:26 ET]
Table 'Asterope' 6-max Seat #1 is the button
Seat 1: SOSCHI007 (€4.46 in chips) 
Seat 2: idealistslp (€0.53 in chips) 
Seat 3: mikoandy69 (€3.95 in chips) 
Seat 4: miguelams27 (€7.06 in chips) 
Seat 5: llodio (€5.05 in chips) 
Seat 6: pixussss (€7.17 in chips) 
idealistslp: posts small blind €0.02
mikoandy69: posts big blind €0.05
*** HOLE CARDS ***
Dealt to idealistslp [5s Ah]
miguelams27: raises €0.05 to €0.10
llodio: folds 
pixussss: raises €0.25 to €0.35
SOSCHI007: folds 
idealistslp: folds 
mikoandy69: folds 
miguelams27: folds 
Uncalled bet (€0.25) returned to pixussss
pixussss collected €0.27 from pot
pixussss: doesn't show hand 
*** SUMMARY ***
Total pot €0.27 | Rake €0 
Seat 1: SOSCHI007 (button) folded before Flop (didn't bet)
Seat 2: idealistslp (small blind) folded before Flop
Seat 3: mikoandy69 (big blind) folded before Flop
Seat 4: miguelams27 folded before Flop
Seat 5: llodio folded before Flop (didn't bet)
Seat 6: pixussss collected (€0.27)



PokerStars Zoom Hand #259350031309:  Hold'em No Limit (€0.02/€0.05) - 2026/01/17 17:54:49 CET [2026/01/17 11:54:49 ET]
Table 'Asterope' 6-max Seat #1 is the button
Seat 1: idealistslp (€0.51 in chips) 
Seat 2: eooooo (€5.36 in chips) 
Seat 3: juancathree (€5.01 in chips) 
Seat 4: ibic22 (€7.09 in chips) 
Seat 5: rare12345 (€11.29 in chips) 
Seat 6: crmLL (€8.16 in chips) 
eooooo: posts small blind €0.02
juancathree: posts big blind €0.05
*** HOLE CARDS ***
Dealt to idealistslp [3h Jc]
ibic22: folds 
rare12345: raises €0.07 to €0.12
crmLL: folds 
idealistslp: folds 
eooooo: folds 
juancathree: calls €0.07
*** FLOP *** [9d Ks 6s]
juancathree: checks 
rare12345: bets €0.13
juancathree: calls €0.13
*** TURN *** [9d Ks 6s] [7c]
juancathree: checks 
rare12345: bets €0.34
juancathree: raises €1.11 to €1.45
rare12345: folds 
Uncalled bet (€1.11) returned to juancathree
juancathree collected €1.14 from pot
juancathree: doesn't show hand 
*** SUMMARY ***
Total pot €1.20 | Rake €0.06 
Board [9d Ks 6s 7c]
Seat 1: idealistslp (button) folded before Flop (didn't bet)
Seat 2: eooooo (small blind) folded before Flop
Seat 3: juancathree (big blind) collected (€1.14)
Seat 4: ibic22 folded before Flop (didn't bet)
Seat 5: rare12345 folded on the Turn
Seat 6: crmLL folded before Flop (didn't bet)



PokerStars Zoom Hand #259350035221:  Hold'em No Limit (€0.02/€0.05) - 2026/01/17 17:55:08 CET [2026/01/17 11:55:08 ET]
Table 'Asterope' 6-max Seat #1 is the button
Seat 1: chiinche (€16.23 in chips) 
Seat 2: miguelams27 (€6.96 in chips) 
Seat 3: Ferchyman77 (€5 in chips) 
Seat 4: idealistslp (€0.58 in chips) 
Seat 5: Elseparatio (€2.05 in chips) 
Seat 6: Jorgebcn76 (€15.51 in chips) 
miguelams27: posts small blind €0.02
Ferchyman77: posts big blind €0.05
*** HOLE CARDS ***
Dealt to idealistslp [5d 5h]
idealistslp: raises €0.05 to €0.10
Elseparatio: raises €1.95 to €2.05 and is all-in
Jorgebcn76: folds 
chiinche: folds 
miguelams27: folds 
Ferchyman77: folds 
idealistslp: calls €0.48 and is all-in
Uncalled bet (€1.47) returned to Elseparatio
*** FLOP *** [7c 5c Kd]
*** TURN *** [7c 5c Kd] [Jh]
*** RIVER *** [7c 5c Kd Jh] [3c]
*** SHOW DOWN ***
idealistslp: shows [5d 5h] (three of a kind, Fives)
Elseparatio: shows [Ah 4d] (high card Ace)
idealistslp collected €1.17 from pot
*** SUMMARY ***
Total pot €1.23 | Rake €0.06 
Board [7c 5c Kd Jh 3c]
Seat 1: chiinche (button) folded before Flop (didn't bet)
Seat 2: miguelams27 (small blind) folded before Flop
Seat 3: Ferchyman77 (big blind) folded before Flop
Seat 4: idealistslp showed [5d 5h] and won (€1.17) with three of a kind, Fives
Seat 5: Elseparatio showed [Ah 4d] and lost with high card Ace
Seat 6: Jorgebcn76 folded before Flop (didn't bet)



PokerStars Zoom Hand #259350040866:  Hold'em No Limit (€0.02/€0.05) - 2026/01/17 17:55:46 CET [2026/01/17 11:55:46 ET]
Table 'Asterope' 6-max Seat #1 is the button
Seat 1: Elseparatio (€1.45 in chips) 
Seat 2: Darkat79 (€5.07 in chips) 
Seat 3: idealistslp (€1.17 in chips) 
Seat 4: juantiogot (€15.18 in chips) 
Seat 5: el_heniek (€9.83 in chips) 
Seat 6: JENOFONTE73 (€8.07 in chips) 
Darkat79: posts small blind €0.02
idealistslp: posts big blind €0.05
*** HOLE CARDS ***
Dealt to idealistslp [Qh Kd]
juantiogot: folds 
el_heniek: folds 
JENOFONTE73: folds 
Elseparatio: raises €1.40 to €1.45 and is all-in
Darkat79: folds 
idealistslp: calls €1.12 and is all-in
Uncalled bet (€0.28) returned to Elseparatio
*** FLOP *** [Ts 9c 6s]
*** TURN *** [Ts 9c 6s] [8s]
*** RIVER *** [Ts 9c 6s 8s] [4h]
*** SHOW DOWN ***
idealistslp: shows [Qh Kd] (high card King)
Elseparatio: shows [7s Qs] (a flush, Queen high)
Elseparatio collected €2.24 from pot
*** SUMMARY ***
Total pot €2.36 | Rake €0.12 
Board [Ts 9c 6s 8s 4h]
Seat 1: Elseparatio (button) showed [7s Qs] and won (€2.24) with a flush, Queen high
Seat 2: Darkat79 (small blind) folded before Flop
Seat 3: idealistslp (big blind) showed [Qh Kd] and lost with high card King
Seat 4: juantiogot folded before Flop (didn't bet)
Seat 5: el_heniek folded before Flop (didn't bet)
Seat 6: JENOFONTE73 folded before Flop (didn't bet)



PokerStars Zoom Hand #259350039427:  Hold'em No Limit (€0.02/€0.05) - 2026/01/17 17:55:36 CET [2026/01/17 11:55:36 ET]
Table 'Asterope' 6-max Seat #1 is the button
Seat 1: saharkesler (€5 in chips) 
Seat 2: steffsarah (€4.99 in chips) 
Seat 3: rare12345 (€10.70 in chips) 
Seat 4: Portugalkin2025 (€4.29 in chips) 
Seat 5: idealistslp (€1.17 in chips) 
Seat 6: ehouiJedebute (€8.47 in chips) 
steffsarah: posts small blind €0.02
rare12345: posts big blind €0.05
*** HOLE CARDS ***
Dealt to idealistslp [2d Kh]
Portugalkin2025: folds 
idealistslp: folds 
ehouiJedebute has timed out
ehouiJedebute: folds 
saharkesler: raises €0.07 to €0.12
steffsarah: calls €0.10
rare12345: folds 
*** FLOP *** [4s Td 4c]
steffsarah: checks 
saharkesler: bets €0.09
steffsarah: folds 
Uncalled bet (€0.09) returned to saharkesler
saharkesler collected €0.28 from pot
saharkesler: doesn't show hand 
*** SUMMARY ***
Total pot €0.29 | Rake €0.01 
Board [4s Td 4c]
Seat 1: saharkesler (button) collected (€0.28)
Seat 2: steffsarah (small blind) folded on the Flop
Seat 3: rare12345 (big blind) folded before Flop
Seat 4: Portugalkin2025 folded before Flop (didn't bet)
Seat 5: idealistslp folded before Flop (didn't bet)
Seat 6: ehouiJedebute folded before Flop (didn't bet)



PokerStars Zoom Hand #259350047479:  Hold'em No Limit (€0.02/€0.05) - 2026/01/17 17:56:32 CET [2026/01/17 11:56:32 ET]
Table 'Asterope' 6-max Seat #1 is the button
Seat 1: SrWatanabe (€5 in chips) 
Seat 2: idealistslp (€2 in chips) 
Seat 3: JENOFONTE73 (€8 in chips) 
Seat 4: El Tojó (€5.04 in chips) 
Seat 5: PokerPowerMPF (€5.35 in chips) 
Seat 6: eric 29880 (€3.78 in chips) 
idealistslp: posts small blind €0.02
JENOFONTE73: posts big blind €0.05
*** HOLE CARDS ***
Dealt to idealistslp [Js Kc]
El Tojó: raises €0.10 to €0.15
PokerPowerMPF: folds 
eric 29880: folds 
SrWatanabe: folds 
idealistslp: calls €0.13
JENOFONTE73: folds 
*** FLOP *** [Ad 5s 2s]
idealistslp: bets €0.17
El Tojó: calls €0.17
*** TURN *** [Ad 5s 2s] [6s]
idealistslp: checks 
El Tojó: bets €0.22
idealistslp: calls €0.22
*** RIVER *** [Ad 5s 2s 6s] [8s]
idealistslp: bets €1.07
El Tojó: folds 
Uncalled bet (€1.07) returned to idealistslp
idealistslp collected €1.07 from pot
idealistslp: doesn't show hand 
*** SUMMARY ***
Total pot €1.13 | Rake €0.06 
Board [Ad 5s 2s 6s 8s]
Seat 1: SrWatanabe (button) folded before Flop (didn't bet)
Seat 2: idealistslp (small blind) collected (€1.07)
Seat 3: JENOFONTE73 (big blind) folded before Flop
Seat 4: El Tojó folded on the River
Seat 5: PokerPowerMPF folded before Flop (didn't bet)
Seat 6: eric 29880 folded before Flop (didn't bet)



PokerStars Zoom Hand #259350053911:  Hold'em No Limit (€0.02/€0.05) - 2026/01/17 17:57:16 CET [2026/01/17 11:57:16 ET]
Table 'Asterope' 6-max Seat #1 is the button
Seat 1: idealistslp (€2.53 in chips) 
Seat 2: Pecadorll (€2 in chips) 
Seat 3: mikoandy69 (€6.75 in chips) 
Seat 4: saharkesler (€10.52 in chips) 
Seat 5: TiraFinos94 (€5.42 in chips) 
Seat 6: crmLL (€7.13 in chips) 
Pecadorll: posts small blind €0.02
mikoandy69: posts big blind €0.05
*** HOLE CARDS ***
Dealt to idealistslp [Jc 2h]
saharkesler: folds 
TiraFinos94: folds 
crmLL: folds 
idealistslp: folds 
Pecadorll: raises €0.10 to €0.15
mikoandy69: folds 
Uncalled bet (€0.10) returned to Pecadorll
Pecadorll collected €0.10 from pot
Pecadorll: doesn't show hand 
*** SUMMARY ***
Total pot €0.10 | Rake €0 
Seat 1: idealistslp (button) folded before Flop (didn't bet)
Seat 2: Pecadorll (small blind) collected (€0.10)
Seat 3: mikoandy69 (big blind) folded before Flop
Seat 4: saharkesler folded before Flop (didn't bet)
Seat 5: TiraFinos94 folded before Flop (didn't bet)
Seat 6: crmLL folded before Flop (didn't bet)



PokerStars Zoom Hand #259350055657:  Hold'em No Limit (€0.02/€0.05) - 2026/01/17 17:57:28 CET [2026/01/17 11:57:28 ET]
Table 'Asterope' 6-max Seat #1 is the button
Seat 1: LittleVerole (€7.04 in chips) 
Seat 2: saharkesler (€10.52 in chips) 
Seat 3: rare12345 (€5.05 in chips) 
Seat 4: idealistslp (€2.53 in chips) 
Seat 5: Cruasan17 (€3.83 in chips) 
Seat 6: Raditz-Z84 (€5.83 in chips) 
saharkesler: posts small blind €0.02
rare12345: posts big blind €0.05
*** HOLE CARDS ***
Dealt to idealistslp [Td Qh]
idealistslp: raises €0.05 to €0.10
Cruasan17: folds 
Raditz-Z84: folds 
LittleVerole: folds 
saharkesler: folds 
rare12345: folds 
Uncalled bet (€0.05) returned to idealistslp
idealistslp collected €0.12 from pot
idealistslp: doesn't show hand 
*** SUMMARY ***
Total pot €0.12 | Rake €0 
Seat 1: LittleVerole (button) folded before Flop (didn't bet)
Seat 2: saharkesler (small blind) folded before Flop
Seat 3: rare12345 (big blind) folded before Flop
Seat 4: idealistslp collected (€0.12)
Seat 5: Cruasan17 folded before Flop (didn't bet)
Seat 6: Raditz-Z84 folded before Flop (didn't bet)



PokerStars Zoom Hand #259350058107:  Hold'em No Limit (€0.02/€0.05) - 2026/01/17 17:57:44 CET [2026/01/17 11:57:44 ET]
Table 'Asterope' 6-max Seat #1 is the button
Seat 1: saharkesler (€10.50 in chips) 
Seat 2: brutus el nuevo (€5 in chips) 
Seat 3: el_heniek (€5.49 in chips) 
Seat 4: eyeeel (€2.41 in chips) 
Seat 5: juancathree (€4.03 in chips) 
Seat 6: idealistslp (€2.60 in chips) 
brutus el nuevo: posts small blind €0.02
el_heniek: posts big blind €0.05
*** HOLE CARDS ***
Dealt to idealistslp [5h 5s]
eyeeel: raises €0.05 to €0.10
juancathree: folds 
idealistslp: calls €0.10
saharkesler: folds 
brutus el nuevo: folds 
el_heniek: calls €0.05
*** FLOP *** [Td 6c Qs]
el_heniek: checks 
eyeeel: checks 
idealistslp: bets €0.15
el_heniek: calls €0.15
eyeeel: folds 
*** TURN *** [Td 6c Qs] [2c]
el_heniek: checks 
idealistslp: checks 
*** RIVER *** [Td 6c Qs 2c] [Th]
el_heniek: checks 
idealistslp: checks 
*** SHOW DOWN ***
el_heniek: shows [8d Jd] (a pair of Tens)
idealistslp: shows [5h 5s] (two pair, Tens and Fives)
idealistslp collected €0.59 from pot
*** SUMMARY ***
Total pot €0.62 | Rake €0.03 
Board [Td 6c Qs 2c Th]
Seat 1: saharkesler (button) folded before Flop (didn't bet)
Seat 2: brutus el nuevo (small blind) folded before Flop
Seat 3: el_heniek (big blind) showed [8d Jd] and lost with a pair of Tens
Seat 4: eyeeel folded on the Flop
Seat 5: juancathree folded before Flop (didn't bet)
Seat 6: idealistslp showed [5h 5s] and won (€0.59) with two pair, Tens and Fives



PokerStars Zoom Hand #259350065549:  Hold'em No Limit (€0.02/€0.05) - 2026/01/17 17:58:35 CET [2026/01/17 11:58:35 ET]
Table 'Asterope' 6-max Seat #1 is the button
Seat 1: j.cerqueira (€4.54 in chips) 
Seat 2: el_heniek (€5.24 in chips) 
Seat 3: idealistslp (€2.94 in chips) 
Seat 4: JENOFONTE73 (€7.80 in chips) 
Seat 5: SUPERHARMONY (€5.77 in chips) 
Seat 6: mikoandy69 (€2.20 in chips) 
el_heniek: posts small blind €0.02
idealistslp: posts big blind €0.05
*** HOLE CARDS ***
Dealt to idealistslp [3d Ah]
JENOFONTE73: folds 
SUPERHARMONY: folds 
mikoandy69: folds 
j.cerqueira: folds 
el_heniek: folds 
Uncalled bet (€0.03) returned to idealistslp
idealistslp collected €0.04 from pot
idealistslp: doesn't show hand 
*** SUMMARY ***
Total pot €0.04 | Rake €0 
Seat 1: j.cerqueira (button) folded before Flop (didn't bet)
Seat 2: el_heniek (small blind) folded before Flop
Seat 3: idealistslp (big blind) collected (€0.04)
Seat 4: JENOFONTE73 folded before Flop (didn't bet)
Seat 5: SUPERHARMONY folded before Flop (didn't bet)
Seat 6: mikoandy69 folded before Flop (didn't bet)



PokerStars Zoom Hand #259350068501:  Hold'em No Limit (€0.02/€0.05) - 2026/01/17 17:58:55 CET [2026/01/17 11:58:55 ET]
Table 'Asterope' 6-max Seat #1 is the button
Seat 1: SOSCHI007 (€8.31 in chips) 
Seat 2: idealistslp (€2.96 in chips) 
Seat 3: mikoandy69 (€2.20 in chips) 
Seat 4: saharkesler (€10.52 in chips) 
Seat 5: el_heniek (€5.22 in chips) 
Seat 6: PokerPowerMPF (€7.01 in chips) 
idealistslp: posts small blind €0.02
mikoandy69: posts big blind €0.05
*** HOLE CARDS ***
Dealt to idealistslp [6d Js]
saharkesler: folds 
el_heniek: folds 
PokerPowerMPF: folds 
SOSCHI007: folds 
idealistslp: folds 
Uncalled bet (€0.03) returned to mikoandy69
mikoandy69 collected €0.04 from pot
mikoandy69: doesn't show hand 
*** SUMMARY ***
Total pot €0.04 | Rake €0 
Seat 1: SOSCHI007 (button) folded before Flop (didn't bet)
Seat 2: idealistslp (small blind) folded before Flop
Seat 3: mikoandy69 (big blind) collected (€0.04)
Seat 4: saharkesler folded before Flop (didn't bet)
Seat 5: el_heniek folded before Flop (didn't bet)
Seat 6: PokerPowerMPF folded before Flop (didn't bet)



PokerStars Zoom Hand #259350067140:  Hold'em No Limit (€0.02/€0.05) - 2026/01/17 17:58:46 CET [2026/01/17 11:58:46 ET]
Table 'Asterope' 6-max Seat #1 is the button
Seat 1: eyeeel (€1.65 in chips) 
Seat 2: MAVERICK298 (€0.73 in chips) 
Seat 3: Mfalmeida28 (€1.12 in chips) 
Seat 4: TiraFinos94 (€5.25 in chips) 
Seat 5: idealistslp (€2.96 in chips) 
Seat 6: el_heniek (€5.22 in chips) 
MAVERICK298: posts small blind €0.02
Mfalmeida28: posts big blind €0.05
*** HOLE CARDS ***
Dealt to idealistslp [8c 3s]
TiraFinos94: raises €0.05 to €0.10
idealistslp: folds 
el_heniek: folds 
eyeeel: folds 
MAVERICK298: folds 
Mfalmeida28: calls €0.05
*** FLOP *** [7d 6c Kh]
Mfalmeida28: bets €0.07
TiraFinos94: calls €0.07
*** TURN *** [7d 6c Kh] [Jc]
Mfalmeida28: bets €0.07
TiraFinos94: folds 
Uncalled bet (€0.07) returned to Mfalmeida28
Mfalmeida28 collected €0.34 from pot
Mfalmeida28: doesn't show hand 
*** SUMMARY ***
Total pot €0.36 | Rake €0.02 
Board [7d 6c Kh Jc]
Seat 1: eyeeel (button) folded before Flop (didn't bet)
Seat 2: MAVERICK298 (small blind) folded before Flop
Seat 3: Mfalmeida28 (big blind) collected (€0.34)
Seat 4: TiraFinos94 folded on the Turn
Seat 5: idealistslp folded before Flop (didn't bet)
Seat 6: el_heniek folded before Flop (didn't bet)



PokerStars Zoom Hand #259350069006:  Hold'em No Limit (€0.02/€0.05) - 2026/01/17 17:58:58 CET [2026/01/17 11:58:58 ET]
Table 'Asterope' 6-max Seat #1 is the button
Seat 1: idealistslp (€2.94 in chips) 
Seat 2: eric 29880 (€4.35 in chips) 
Seat 3: pixussss (€5 in chips) 
Seat 4: Portugalkin2025 (€3.58 in chips) 
Seat 5: PokerPowerMPF (€7.01 in chips) 
Seat 6: malumbresbar (€8.32 in chips) 
eric 29880: posts small blind €0.02
pixussss: posts big blind €0.05
*** HOLE CARDS ***
Dealt to idealistslp [2c 2s]
Portugalkin2025: folds 
PokerPowerMPF: folds 
malumbresbar: folds 
idealistslp: raises €0.05 to €0.10
eric 29880: folds 
pixussss: calls €0.05
*** FLOP *** [Ah 6c Qc]
pixussss: checks 
idealistslp: bets €0.11
pixussss: folds 
Uncalled bet (€0.11) returned to idealistslp
idealistslp collected €0.21 from pot
idealistslp: doesn't show hand 
*** SUMMARY ***
Total pot €0.22 | Rake €0.01 
Board [Ah 6c Qc]
Seat 1: idealistslp (button) collected (€0.21)
Seat 2: eric 29880 (small blind) folded before Flop
Seat 3: pixussss (big blind) folded on the Flop
Seat 4: Portugalkin2025 folded before Flop (didn't bet)
Seat 5: PokerPowerMPF folded before Flop (didn't bet)
Seat 6: malumbresbar folded before Flop (didn't bet)



PokerStars Zoom Hand #259350073827:  Hold'em No Limit (€0.02/€0.05) - 2026/01/17 17:59:31 CET [2026/01/17 11:59:31 ET]
Table 'Asterope' 6-max Seat #1 is the button
Seat 1: LittleVerole (€6.63 in chips) 
Seat 2: Ivangennaro (€5.07 in chips) 
Seat 3: TiraFinos94 (€5 in chips) 
Seat 4: rare12345 (€5 in chips) 
Seat 5: Jorgebcn76 (€16.21 in chips) 
Seat 6: idealistslp (€3.05 in chips) 
Ivangennaro: posts small blind €0.02
TiraFinos94: posts big blind €0.05
*** HOLE CARDS ***
Dealt to idealistslp [4s 6s]
rare12345: folds 
Jorgebcn76: folds 
idealistslp: folds 
LittleVerole: folds 
Ivangennaro: folds 
Uncalled bet (€0.03) returned to TiraFinos94
TiraFinos94 collected €0.04 from pot
TiraFinos94: doesn't show hand 
*** SUMMARY ***
Total pot €0.04 | Rake €0 
Seat 1: LittleVerole (button) folded before Flop (didn't bet)
Seat 2: Ivangennaro (small blind) folded before Flop
Seat 3: TiraFinos94 (big blind) collected (€0.04)
Seat 4: rare12345 folded before Flop (didn't bet)
Seat 5: Jorgebcn76 folded before Flop (didn't bet)
Seat 6: idealistslp folded before Flop (didn't bet)



PokerStars Zoom Hand #259350076054:  Hold'em No Limit (€0.02/€0.05) - 2026/01/17 17:59:47 CET [2026/01/17 11:59:47 ET]
Table 'Asterope' 6-max Seat #1 is the button
Seat 1: mikoandy69 (€2.40 in chips) 
Seat 2: pixussss (€5 in chips) 
Seat 3: Jorgebcn76 (€5 in chips) 
Seat 4: idealistslp (€3.05 in chips) 
Seat 5: Jonaaamaaar (€2.29 in chips) 
Seat 6: joan837 (€4.46 in chips) 
pixussss: posts small blind €0.02
Jorgebcn76: posts big blind €0.05
*** HOLE CARDS ***
Dealt to idealistslp [Kd 6s]
idealistslp: folds 
Jonaaamaaar: folds 
joan837: folds 
mikoandy69: folds 
pixussss: folds 
Uncalled bet (€0.03) returned to Jorgebcn76
Jorgebcn76 collected €0.04 from pot
Jorgebcn76: doesn't show hand 
*** SUMMARY ***
Total pot €0.04 | Rake €0 
Seat 1: mikoandy69 (button) folded before Flop (didn't bet)
Seat 2: pixussss (small blind) folded before Flop
Seat 3: Jorgebcn76 (big blind) collected (€0.04)
Seat 4: idealistslp folded before Flop (didn't bet)
Seat 5: Jonaaamaaar folded before Flop (didn't bet)
Seat 6: joan837 folded before Flop (didn't bet)



PokerStars Zoom Hand #259350074812:  Hold'em No Limit (€0.02/€0.05) - 2026/01/17 17:59:38 CET [2026/01/17 11:59:38 ET]
Table 'Asterope' 6-max Seat #1 is the button
Seat 1: ibic22 (€11.67 in chips) 
Seat 2: rare12345 (€10.41 in chips) 
Seat 3: trumoan (€2.79 in chips) 
Seat 4: idealistslp (€3.05 in chips) 
Seat 5: juancathree (€4.47 in chips) 
Seat 6: Jorgebcn76 (€16.21 in chips) 
rare12345: posts small blind €0.02
trumoan: posts big blind €0.05
*** HOLE CARDS ***
Dealt to idealistslp [Kd 3h]
idealistslp: folds 
juancathree: folds 
Jorgebcn76: folds 
ibic22: raises €0.10 to €0.15
rare12345: folds 
trumoan: calls €0.10
*** FLOP *** [3d 2s 5d]
trumoan: checks 
ibic22: checks 
*** TURN *** [3d 2s 5d] [5c]
trumoan: bets €0.20
ibic22: folds 
Uncalled bet (€0.20) returned to trumoan
trumoan collected €0.30 from pot
trumoan: doesn't show hand 
*** SUMMARY ***
Total pot €0.32 | Rake €0.02 
Board [3d 2s 5d 5c]
Seat 1: ibic22 (button) folded on the Turn
Seat 2: rare12345 (small blind) folded before Flop
Seat 3: trumoan (big blind) collected (€0.30)
Seat 4: idealistslp folded before Flop (didn't bet)
Seat 5: juancathree folded before Flop (didn't bet)
Seat 6: Jorgebcn76 folded before Flop (didn't bet)



PokerStars Zoom Hand #259350075563:  Hold'em No Limit (€0.02/€0.05) - 2026/01/17 17:59:43 CET [2026/01/17 11:59:43 ET]
Table 'Asterope' 6-max Seat #1 is the button
Seat 1: Fiveen (€1.56 in chips) 
Seat 2: chiinche (€5.16 in chips) 
Seat 3: eyeeel (€1.55 in chips) 
Seat 4: idealistslp (€3.05 in chips) 
Seat 5: el_heniek (€5.10 in chips) 
Seat 6: SUPERHARMONY (€5.55 in chips) 
chiinche: posts small blind €0.02
eyeeel: posts big blind €0.05
*** HOLE CARDS ***
Dealt to idealistslp [Td 8s]
idealistslp: folds 
el_heniek: folds 
SUPERHARMONY: folds 
Fiveen: raises €0.05 to €0.10
chiinche: calls €0.08
eyeeel: folds 
*** FLOP *** [Js Jh 7s]
chiinche: checks 
Fiveen: checks 
*** TURN *** [Js Jh 7s] [Qd]
chiinche: bets €0.10
Fiveen: calls €0.10
*** RIVER *** [Js Jh 7s Qd] [2c]
chiinche: bets €1.45
Fiveen: calls €1.36 and is all-in
Uncalled bet (€0.09) returned to chiinche
*** SHOW DOWN ***
chiinche: shows [Jd As] (three of a kind, Jacks)
Fiveen: shows [Jc 8c] (three of a kind, Jacks - lower kicker)
chiinche collected €3.01 from pot
*** SUMMARY ***
Total pot €3.17 | Rake €0.16 
Board [Js Jh 7s Qd 2c]
Seat 1: Fiveen (button) showed [Jc 8c] and lost with three of a kind, Jacks
Seat 2: chiinche (small blind) showed [Jd As] and won (€3.01) with three of a kind, Jacks
Seat 3: eyeeel (big blind) folded before Flop
Seat 4: idealistslp folded before Flop (didn't bet)
Seat 5: el_heniek folded before Flop (didn't bet)
Seat 6: SUPERHARMONY folded before Flop (didn't bet)



PokerStars Zoom Hand #259350077609:  Hold'em No Limit (€0.02/€0.05) - 2026/01/17 17:59:58 CET [2026/01/17 11:59:58 ET]
Table 'Asterope' 6-max Seat #1 is the button
Seat 1: scaramouche84 (€3.34 in chips) 
Seat 2: Ivangennaro (€15.16 in chips) 
Seat 3: idealistslp (€3.05 in chips) 
Seat 4: el_heniek (€5.10 in chips) 
Seat 5: LittleVerole (€6.48 in chips) 
Seat 6: adfm75 (€1.16 in chips) 
Ivangennaro: posts small blind €0.02
idealistslp: posts big blind €0.05
*** HOLE CARDS ***
Dealt to idealistslp [Jd Qc]
el_heniek: folds 
LittleVerole: folds 
adfm75: raises €0.05 to €0.10
scaramouche84: folds 
Ivangennaro: folds 
idealistslp: calls €0.05
*** FLOP *** [2s Kd Qd]
idealistslp: bets €0.11
adfm75: calls €0.11
*** TURN *** [2s Kd Qd] [6h]
idealistslp: checks 
adfm75: checks 
*** RIVER *** [2s Kd Qd 6h] [2c]
idealistslp: checks 
adfm75: checks 
*** SHOW DOWN ***
idealistslp: shows [Jd Qc] (two pair, Queens and Deuces)
adfm75: mucks hand 
idealistslp collected €0.42 from pot
*** SUMMARY ***
Total pot €0.44 | Rake €0.02 
Board [2s Kd Qd 6h 2c]
Seat 1: scaramouche84 (button) folded before Flop (didn't bet)
Seat 2: Ivangennaro (small blind) folded before Flop
Seat 3: idealistslp (big blind) showed [Jd Qc] and won (€0.42) with two pair, Queens and Deuces
Seat 4: el_heniek folded before Flop (didn't bet)
Seat 5: LittleVerole folded before Flop (didn't bet)
Seat 6: adfm75 mucked [Tc Ah]



PokerStars Zoom Hand #259350084776:  Hold'em No Limit (€0.02/€0.05) - 2026/01/17 18:00:44 CET [2026/01/17 12:00:44 ET]
Table 'Asterope' 6-max Seat #1 is the button
Seat 1: llodio (€5 in chips) 
Seat 2: idealistslp (€3.26 in chips) 
Seat 3: Mental1989 (€3.78 in chips) 
Seat 4: Raditz-Z84 (€5.76 in chips) 
Seat 5: seriomarkos (€5.40 in chips) 
Seat 6: TiraFinos94 (€5 in chips) 
idealistslp: posts small blind €0.02
Mental1989: posts big blind €0.05
*** HOLE CARDS ***
Dealt to idealistslp [Ts 5d]
Raditz-Z84: folds 
seriomarkos: folds 
TiraFinos94: folds 
llodio: raises €0.10 to €0.15
idealistslp: folds 
Mental1989: folds 
Uncalled bet (€0.10) returned to llodio
llodio collected €0.12 from pot
llodio: doesn't show hand 
*** SUMMARY ***
Total pot €0.12 | Rake €0 
Seat 1: llodio (button) collected (€0.12)
Seat 2: idealistslp (small blind) folded before Flop
Seat 3: Mental1989 (big blind) folded before Flop
Seat 4: Raditz-Z84 folded before Flop (didn't bet)
Seat 5: seriomarkos folded before Flop (didn't bet)
Seat 6: TiraFinos94 folded before Flop (didn't bet)



PokerStars Zoom Hand #259350087345:  Hold'em No Limit (€0.02/€0.05) - 2026/01/17 18:00:59 CET [2026/01/17 12:00:59 ET]
Table 'Asterope' 6-max Seat #1 is the button
Seat 1: idealistslp (€3.24 in chips) 
Seat 2: Ivangennaro (€5.44 in chips) 
Seat 3: adfm75 (€0.93 in chips) 
Seat 4: boogychat (€2.05 in chips) 
Seat 5: j.cerqueira (€5.62 in chips) 
Seat 6: SrWatanabe (€6.01 in chips) 
Ivangennaro: posts small blind €0.02
adfm75: posts big blind €0.05
*** HOLE CARDS ***
Dealt to idealistslp [3c 8d]
boogychat: folds 
j.cerqueira: folds 
SrWatanabe: folds 
idealistslp: folds 
Ivangennaro: folds 
Uncalled bet (€0.03) returned to adfm75
adfm75 collected €0.04 from pot
adfm75: doesn't show hand 
*** SUMMARY ***
Total pot €0.04 | Rake €0 
Seat 1: idealistslp (button) folded before Flop (didn't bet)
Seat 2: Ivangennaro (small blind) folded before Flop
Seat 3: adfm75 (big blind) collected (€0.04)
Seat 4: boogychat folded before Flop (didn't bet)
Seat 5: j.cerqueira folded before Flop (didn't bet)
Seat 6: SrWatanabe folded before Flop (didn't bet)



PokerStars Zoom Hand #259350089310:  Hold'em No Limit (€0.02/€0.05) - 2026/01/17 18:01:09 CET [2026/01/17 12:01:09 ET]
Table 'Asterope' 6-max Seat #1 is the button
Seat 1: trumoan (€2.99 in chips) 
Seat 2: llodio (€5.20 in chips) 
Seat 3: seriomarkos (€4.77 in chips) 
Seat 4: idealistslp (€3.24 in chips) 
Seat 5: Jorgebcn76 (€15.99 in chips) 
Seat 6: SexybabySexymum (€5.59 in chips) 
llodio: posts small blind €0.02
seriomarkos: posts big blind €0.05
*** HOLE CARDS ***
Dealt to idealistslp [8s Td]
idealistslp: folds 
Jorgebcn76: folds 
SexybabySexymum: raises €0.07 to €0.12
trumoan: folds 
llodio: folds 
seriomarkos: folds 
Uncalled bet (€0.07) returned to SexybabySexymum
SexybabySexymum collected €0.12 from pot
SexybabySexymum: doesn't show hand 
*** SUMMARY ***
Total pot €0.12 | Rake €0 
Seat 1: trumoan (button) folded before Flop (didn't bet)
Seat 2: llodio (small blind) folded before Flop
Seat 3: seriomarkos (big blind) folded before Flop
Seat 4: idealistslp folded before Flop (didn't bet)
Seat 5: Jorgebcn76 folded before Flop (didn't bet)
Seat 6: SexybabySexymum collected (€0.12)



PokerStars Zoom Hand #259350090026:  Hold'em No Limit (€0.02/€0.05) - 2026/01/17 18:01:13 CET [2026/01/17 12:01:13 ET]
Table 'Asterope' 6-max Seat #1 is the button
Seat 1: MAVERICK298 (€1.79 in chips) 
Seat 2: chiinche (€6.61 in chips) 
Seat 3: idealistslp (€3.24 in chips) 
Seat 4: SexybabySexymum (€6.11 in chips) 
Seat 5: saharkesler (€10.29 in chips) 
Seat 6: franelbombazo (€5 in chips) 
chiinche: posts small blind €0.02
idealistslp: posts big blind €0.05
*** HOLE CARDS ***
Dealt to idealistslp [6h 2s]
SexybabySexymum: folds 
saharkesler: folds 
franelbombazo: folds 
MAVERICK298: raises €1.74 to €1.79 and is all-in
chiinche: folds 
idealistslp: folds 
Uncalled bet (€1.74) returned to MAVERICK298
MAVERICK298 collected €0.12 from pot
MAVERICK298: doesn't show hand 
*** SUMMARY ***
Total pot €0.12 | Rake €0 
Seat 1: MAVERICK298 (button) collected (€0.12)
Seat 2: chiinche (small blind) folded before Flop
Seat 3: idealistslp (big blind) folded before Flop
Seat 4: SexybabySexymum folded before Flop (didn't bet)
Seat 5: saharkesler folded before Flop (didn't bet)
Seat 6: franelbombazo folded before Flop (didn't bet)



PokerStars Zoom Hand #259350088166:  Hold'em No Limit (€0.02/€0.05) - 2026/01/17 18:01:03 CET [2026/01/17 12:01:03 ET]
Table 'Asterope' 6-max Seat #1 is the button
Seat 1: rare12345 (€6.33 in chips) 
Seat 2: El Tojó (€8.82 in chips) 
Seat 3: PokerPowerMPF (€6.04 in chips) 
Seat 4: airgasm974 (€8.70 in chips) 
Seat 5: eyeeel (€1.70 in chips) 
Seat 6: idealistslp (€3.24 in chips) 
El Tojó: posts small blind €0.02
PokerPowerMPF: posts big blind €0.05
*** HOLE CARDS ***
Dealt to idealistslp [Jc 7h]
airgasm974: folds 
eyeeel: folds 
idealistslp: folds 
rare12345: raises €0.07 to €0.12
El Tojó: folds 
PokerPowerMPF: folds 
Uncalled bet (€0.07) returned to rare12345
rare12345 collected €0.12 from pot
rare12345: doesn't show hand 
*** SUMMARY ***
Total pot €0.12 | Rake €0 
Seat 1: rare12345 (button) collected (€0.12)
Seat 2: El Tojó (small blind) folded before Flop
Seat 3: PokerPowerMPF (big blind) folded before Flop
Seat 4: airgasm974 folded before Flop (didn't bet)
Seat 5: eyeeel folded before Flop (didn't bet)
Seat 6: idealistslp folded before Flop (didn't bet)



PokerStars Zoom Hand #259350093346:  Hold'em No Limit (€0.02/€0.05) - 2026/01/17 18:01:30 CET [2026/01/17 12:01:30 ET]
Table 'Asterope' 6-max Seat #1 is the button
Seat 1: SexybabySexymum (€5.05 in chips) 
Seat 2: idealistslp (€3.19 in chips) 
Seat 3: franelbombazo (€5 in chips) 
Seat 4: bilboubou78 (€5.32 in chips) 
Seat 5: Ivangennaro (€5.44 in chips) 
Seat 6: dragonfly2467 (€5.30 in chips) 
idealistslp: posts small blind €0.02
franelbombazo: posts big blind €0.05
*** HOLE CARDS ***
Dealt to idealistslp [Js Qh]
bilboubou78: folds 
Ivangennaro: folds 
dragonfly2467: folds 
SexybabySexymum: raises €0.07 to €0.12
idealistslp: calls €0.10
franelbombazo: calls €0.07
*** FLOP *** [9c 7d As]
idealistslp: bets €0.17
franelbombazo: calls €0.17
SexybabySexymum: raises €4.76 to €4.93 and is all-in
idealistslp: folds 
franelbombazo: folds 
Uncalled bet (€4.76) returned to SexybabySexymum
SexybabySexymum collected €0.83 from pot
SexybabySexymum: doesn't show hand 
*** SUMMARY ***
Total pot €0.87 | Rake €0.04 
Board [9c 7d As]
Seat 1: SexybabySexymum (button) collected (€0.83)
Seat 2: idealistslp (small blind) folded on the Flop
Seat 3: franelbombazo (big blind) folded on the Flop
Seat 4: bilboubou78 folded before Flop (didn't bet)
Seat 5: Ivangennaro folded before Flop (didn't bet)
Seat 6: dragonfly2467 folded before Flop (didn't bet)



PokerStars Zoom Hand #259350092326:  Hold'em No Limit (€0.02/€0.05) - 2026/01/17 18:01:25 CET [2026/01/17 12:01:25 ET]
Table 'Asterope' 6-max Seat #1 is the button
Seat 1: saharkesler (€7.33 in chips) 
Seat 2: mikoandy69 (€7.06 in chips) 
Seat 3: Portugalkin2025 (€3.88 in chips) 
Seat 4: PokerPowerMPF (€5.27 in chips) 
Seat 5: JuanSoto22 (€6.26 in chips) 
Seat 6: idealistslp (€3.19 in chips) 
mikoandy69: posts small blind €0.02
Portugalkin2025: posts big blind €0.05
*** HOLE CARDS ***
Dealt to idealistslp [5c 7d]
PokerPowerMPF: folds 
JuanSoto22: folds 
idealistslp: folds 
saharkesler: raises €0.07 to €0.12
mikoandy69: folds 
Portugalkin2025: raises €0.22 to €0.34
saharkesler: calls €0.22
*** FLOP *** [7s 6c 8s]
Portugalkin2025: bets €0.22
saharkesler: calls €0.22
*** TURN *** [7s 6c 8s] [Ac]
Portugalkin2025: bets €0.65
saharkesler: calls €0.65
*** RIVER *** [7s 6c 8s Ac] [4d]
Portugalkin2025: bets €2.32
saharkesler: calls €2.32
*** SHOW DOWN ***
Portugalkin2025: shows [4c Ah] (two pair, Aces and Fours)
saharkesler: mucks hand 
Portugalkin2025 collected €6.73 from pot
*** SUMMARY ***
Total pot €7.08 | Rake €0.35 
Board [7s 6c 8s Ac 4d]
Seat 1: saharkesler (button) mucked [Ad Ks]
Seat 2: mikoandy69 (small blind) folded before Flop
Seat 3: Portugalkin2025 (big blind) showed [4c Ah] and won (€6.73) with two pair, Aces and Fours
Seat 4: PokerPowerMPF folded before Flop (didn't bet)
Seat 5: JuanSoto22 folded before Flop (didn't bet)
Seat 6: idealistslp folded before Flop (didn't bet)



PokerStars Zoom Hand #259350100077:  Hold'em No Limit (€0.02/€0.05) - 2026/01/17 18:02:03 CET [2026/01/17 12:02:03 ET]
Table 'Asterope' 6-max Seat #1 is the button
Seat 1: idealistslp (€2.90 in chips) 
Seat 2: steffsarah (€4.38 in chips) 
Seat 3: El Tojó (€4.98 in chips) 
Seat 4: rare12345 (€6.40 in chips) 
Seat 5: Bestiote (€1.95 in chips) 
Seat 6: dragonfly2467 (€5.69 in chips) 
steffsarah: posts small blind €0.02
El Tojó: posts big blind €0.05
*** HOLE CARDS ***
Dealt to idealistslp [8h 8c]
rare12345: folds 
Bestiote: folds 
dragonfly2467: folds 
idealistslp: raises €0.05 to €0.10
steffsarah: folds 
El Tojó: folds 
Uncalled bet (€0.05) returned to idealistslp
idealistslp collected €0.12 from pot
idealistslp: doesn't show hand 
*** SUMMARY ***
Total pot €0.12 | Rake €0 
Seat 1: idealistslp (button) collected (€0.12)
Seat 2: steffsarah (small blind) folded before Flop
Seat 3: El Tojó (big blind) folded before Flop
Seat 4: rare12345 folded before Flop (didn't bet)
Seat 5: Bestiote folded before Flop (didn't bet)
Seat 6: dragonfly2467 folded before Flop (didn't bet)



PokerStars Zoom Hand #259350104685:  Hold'em No Limit (€0.02/€0.05) - 2026/01/17 18:02:26 CET [2026/01/17 12:02:26 ET]
Table 'Asterope' 6-max Seat #1 is the button
Seat 1: chiinche (€6.54 in chips) 
Seat 2: dragonfly2467 (€5.18 in chips) 
Seat 3: bilboubou78 (€5.25 in chips) 
Seat 4: el_heniek (€4.96 in chips) 
Seat 5: idealistslp (€2.97 in chips) 
Seat 6: juancathree (€4.77 in chips) 
dragonfly2467: posts small blind €0.02
bilboubou78: posts big blind €0.05
*** HOLE CARDS ***
Dealt to idealistslp [5d Js]
el_heniek: folds 
idealistslp: folds 
juancathree: folds 
chiinche: folds 
dragonfly2467: raises €0.10 to €0.15
bilboubou78: folds 
Uncalled bet (€0.10) returned to dragonfly2467
dragonfly2467 collected €0.10 from pot
dragonfly2467: doesn't show hand 
*** SUMMARY ***
Total pot €0.10 | Rake €0 
Seat 1: chiinche (button) folded before Flop (didn't bet)
Seat 2: dragonfly2467 (small blind) collected (€0.10)
Seat 3: bilboubou78 (big blind) folded before Flop
Seat 4: el_heniek folded before Flop (didn't bet)
Seat 5: idealistslp folded before Flop (didn't bet)
Seat 6: juancathree folded before Flop (didn't bet)



PokerStars Zoom Hand #259350103834:  Hold'em No Limit (€0.02/€0.05) - 2026/01/17 18:02:21 CET [2026/01/17 12:02:21 ET]
Table 'Asterope' 6-max Seat #1 is the button
Seat 1: FITIL2310 (€2.54 in chips) 
Seat 2: Irvin42o (€1.95 in chips) 
Seat 3: zhouweiyi888 (€5.07 in chips) 
Seat 4: P-BRUTUS (€2.54 in chips) 
Seat 5: idealistslp (€2.97 in chips) 
Seat 6: boogychat (€1.98 in chips) 
Irvin42o: posts small blind €0.02
zhouweiyi888: posts big blind €0.05
*** HOLE CARDS ***
Dealt to idealistslp [8s 7h]
P-BRUTUS: calls €0.05
idealistslp: folds 
boogychat: folds 
FITIL2310: raises €0.10 to €0.15
Irvin42o: folds 
zhouweiyi888: folds 
P-BRUTUS: calls €0.10
*** FLOP *** [5h 9c Td]
P-BRUTUS: checks 
FITIL2310: bets €0.18
P-BRUTUS: folds 
Uncalled bet (€0.18) returned to FITIL2310
FITIL2310 collected €0.35 from pot
FITIL2310: doesn't show hand 
*** SUMMARY ***
Total pot €0.37 | Rake €0.02 
Board [5h 9c Td]
Seat 1: FITIL2310 (button) collected (€0.35)
Seat 2: Irvin42o (small blind) folded before Flop
Seat 3: zhouweiyi888 (big blind) folded before Flop
Seat 4: P-BRUTUS folded on the Flop
Seat 5: idealistslp folded before Flop (didn't bet)
Seat 6: boogychat folded before Flop (didn't bet)



PokerStars Zoom Hand #259350105553:  Hold'em No Limit (€0.02/€0.05) - 2026/01/17 18:02:30 CET [2026/01/17 12:02:30 ET]
Table 'Asterope' 6-max Seat #1 is the button
Seat 1: saharkesler (€6.39 in chips) 
Seat 2: adfm75 (€0.67 in chips) 
Seat 3: idealistslp (€2.97 in chips) 
Seat 4: juancathree (€4.77 in chips) 
Seat 5: llodio (€5.13 in chips) 
Seat 6: pepkoyote (€1.38 in chips) 
adfm75: posts small blind €0.02
idealistslp: posts big blind €0.05
*** HOLE CARDS ***
Dealt to idealistslp [Ah 2h]
juancathree: raises €0.07 to €0.12
llodio: folds 
pepkoyote: calls €0.12
saharkesler: folds 
adfm75: folds 
idealistslp: calls €0.07
*** FLOP *** [9s 9d 9c]
idealistslp: bets €0.18
juancathree: folds 
pepkoyote: calls €0.18
*** TURN *** [9s 9d 9c] [Qc]
idealistslp: bets €0.35
pepkoyote: calls €0.35
*** RIVER *** [9s 9d 9c Qc] [Ad]
idealistslp: bets €0.27
pepkoyote: raises €0.27 to €0.54
idealistslp: raises €0.27 to €0.81
pepkoyote: calls €0.19 and is all-in
Uncalled bet (€0.08) returned to idealistslp
*** SHOW DOWN ***
idealistslp: shows [Ah 2h] (a full house, Nines full of Aces)
pepkoyote: shows [Jc As] (a full house, Nines full of Aces)
idealistslp collected €1.38 from pot
pepkoyote collected €1.38 from pot
*** SUMMARY ***
Total pot €2.90 | Rake €0.14 
Board [9s 9d 9c Qc Ad]
Seat 1: saharkesler (button) folded before Flop (didn't bet)
Seat 2: adfm75 (small blind) folded before Flop
Seat 3: idealistslp (big blind) showed [Ah 2h] and won (€1.38) with a full house, Nines full of Aces
Seat 4: juancathree folded on the Flop
Seat 5: llodio folded before Flop (didn't bet)
Seat 6: pepkoyote showed [Jc As] and won (€1.38) with a full house, Nines full of Aces



PokerStars Zoom Hand #259350123776:  Hold'em No Limit (€0.02/€0.05) - 2026/01/17 18:03:55 CET [2026/01/17 12:03:55 ET]
Table 'Asterope' 6-max Seat #1 is the button
Seat 1: fouthkings (€6.95 in chips) 
Seat 2: idealistslp (€2.97 in chips) 
Seat 3: Jorgebcn76 (€15.92 in chips) 
Seat 4: pepkoyote (€1.38 in chips) 
Seat 5: bilboubou78 (€5.40 in chips) 
Seat 6: Bestiote (€1.86 in chips) 
idealistslp: posts small blind €0.02
Jorgebcn76: posts big blind €0.05
*** HOLE CARDS ***
Dealt to idealistslp [Th As]
pepkoyote: folds 
bilboubou78: folds 
Bestiote: folds 
fouthkings: raises €0.05 to €0.10
idealistslp: raises €0.05 to €0.15
Jorgebcn76: folds 
fouthkings: calls €0.05
*** FLOP *** [9d 6s 5h]
idealistslp: bets €0.17
fouthkings: raises €0.17 to €0.34
idealistslp: calls €0.17
*** TURN *** [9d 6s 5h] [9c]
idealistslp: checks 
fouthkings: bets €0.98
idealistslp: folds 
Uncalled bet (€0.98) returned to fouthkings
fouthkings collected €0.98 from pot
fouthkings: doesn't show hand 
*** SUMMARY ***
Total pot €1.03 | Rake €0.05 
Board [9d 6s 5h 9c]
Seat 1: fouthkings (button) collected (€0.98)
Seat 2: idealistslp (small blind) folded on the Turn
Seat 3: Jorgebcn76 (big blind) folded before Flop
Seat 4: pepkoyote folded before Flop (didn't bet)
Seat 5: bilboubou78 folded before Flop (didn't bet)
Seat 6: Bestiote folded before Flop (didn't bet)



PokerStars Zoom Hand #259350141962:  Hold'em No Limit (€0.02/€0.05) - 2026/01/17 18:05:19 CET [2026/01/17 12:05:19 ET]
Table 'Asterope' 6-max Seat #1 is the button
Seat 1: metamex (€4.93 in chips) 
Seat 2: TiraFinos94 (€5.48 in chips) 
Seat 3: SexybabySexymum (€5.92 in chips) 
Seat 4: LAMERIC64 (€4.66 in chips) 
Seat 5: pepkoyote (€1.13 in chips) 
Seat 6: idealistslp (€2.48 in chips) 
TiraFinos94: posts small blind €0.02
SexybabySexymum: posts big blind €0.05
*** HOLE CARDS ***
Dealt to idealistslp [6s As]
LAMERIC64: folds 
pepkoyote: folds 
idealistslp: raises €0.05 to €0.10
metamex: folds 
TiraFinos94: raises €0.25 to €0.35
SexybabySexymum: folds 
idealistslp: calls €0.25
*** FLOP *** [2h Qh Ac]
TiraFinos94: checks 
idealistslp: bets €0.36
TiraFinos94: folds 
Uncalled bet (€0.36) returned to idealistslp
idealistslp collected €0.71 from pot
idealistslp: doesn't show hand 
*** SUMMARY ***
Total pot €0.75 | Rake €0.04 
Board [2h Qh Ac]
Seat 1: metamex (button) folded before Flop (didn't bet)
Seat 2: TiraFinos94 (small blind) folded on the Flop
Seat 3: SexybabySexymum (big blind) folded before Flop
Seat 4: LAMERIC64 folded before Flop (didn't bet)
Seat 5: pepkoyote folded before Flop (didn't bet)
Seat 6: idealistslp collected (€0.71)



PokerStars Zoom Hand #259350140631:  Hold'em No Limit (€0.02/€0.05) - 2026/01/17 18:05:13 CET [2026/01/17 12:05:13 ET]
Table 'Asterope' 6-max Seat #1 is the button
Seat 1: idealistslp (€2.48 in chips) 
Seat 2: pixussss (€5 in chips) 
Seat 3: Jorgebcn76 (€15.92 in chips) 
Seat 4: PokerPowerMPF (€7.17 in chips) 
Seat 5: jeffbref (€4.65 in chips) 
Seat 6: rare12345 (€6.03 in chips) 
pixussss: posts small blind €0.02
Jorgebcn76: posts big blind €0.05
*** HOLE CARDS ***
Dealt to idealistslp [7h 4s]
PokerPowerMPF: folds 
jeffbref: calls €0.05
rare12345: folds 
idealistslp: folds 
pixussss: raises €0.20 to €0.25
Jorgebcn76: folds 
jeffbref: calls €0.20
*** FLOP *** [7c Jd 6h]
pixussss: bets €0.16
jeffbref: folds 
Uncalled bet (€0.16) returned to pixussss
pixussss collected €0.52 from pot
pixussss: doesn't show hand 
*** SUMMARY ***
Total pot €0.55 | Rake €0.03 
Board [7c Jd 6h]
Seat 1: idealistslp (button) folded before Flop (didn't bet)
Seat 2: pixussss (small blind) collected (€0.52)
Seat 3: Jorgebcn76 (big blind) folded before Flop
Seat 4: PokerPowerMPF folded before Flop (didn't bet)
Seat 5: jeffbref folded on the Flop
Seat 6: rare12345 folded before Flop (didn't bet)



PokerStars Zoom Hand #259350150396:  Hold'em No Limit (€0.02/€0.05) - 2026/01/17 18:05:58 CET [2026/01/17 12:05:58 ET]
Table 'Asterope' 6-max Seat #1 is the button
Seat 1: saharkesler (€6.48 in chips) 
Seat 2: SexybabySexymum (€8.21 in chips) 
Seat 3: glandeur66 (€3.82 in chips) 
Seat 4: smrj1976 (€9.67 in chips) 
Seat 5: idealistslp (€2.84 in chips) 
Seat 6: iam_xCidx (€5.14 in chips) 
SexybabySexymum: posts small blind €0.02
glandeur66: posts big blind €0.05
*** HOLE CARDS ***
Dealt to idealistslp [8s 3d]
smrj1976: folds 
idealistslp: folds 
iam_xCidx: folds 
saharkesler: folds 
SexybabySexymum: folds 
Uncalled bet (€0.03) returned to glandeur66
glandeur66 collected €0.04 from pot
glandeur66: doesn't show hand 
*** SUMMARY ***
Total pot €0.04 | Rake €0 
Seat 1: saharkesler (button) folded before Flop (didn't bet)
Seat 2: SexybabySexymum (small blind) folded before Flop
Seat 3: glandeur66 (big blind) collected (€0.04)
Seat 4: smrj1976 folded before Flop (didn't bet)
Seat 5: idealistslp folded before Flop (didn't bet)
Seat 6: iam_xCidx folded before Flop (didn't bet)



PokerStars Zoom Hand #259350151609:  Hold'em No Limit (€0.02/€0.05) - 2026/01/17 18:06:04 CET [2026/01/17 12:06:04 ET]
Table 'Asterope' 6-max Seat #1 is the button
Seat 1: franelbombazo (€5.11 in chips) 
Seat 2: iam_xCidx (€5.14 in chips) 
Seat 3: SrWatanabe (€5.52 in chips) 
Seat 4: idealistslp (€2.84 in chips) 
Seat 5: LittleVerole (€6.45 in chips) 
Seat 6: nofunfuma (€3.90 in chips) 
iam_xCidx: posts small blind €0.02
SrWatanabe: posts big blind €0.05
*** HOLE CARDS ***
Dealt to idealistslp [8d Ts]
idealistslp: folds 
LittleVerole: folds 
nofunfuma: folds 
franelbombazo: folds 
iam_xCidx: folds 
Uncalled bet (€0.03) returned to SrWatanabe
SrWatanabe collected €0.04 from pot
SrWatanabe: doesn't show hand 
*** SUMMARY ***
Total pot €0.04 | Rake €0 
Seat 1: franelbombazo (button) folded before Flop (didn't bet)
Seat 2: iam_xCidx (small blind) folded before Flop
Seat 3: SrWatanabe (big blind) collected (€0.04)
Seat 4: idealistslp folded before Flop (didn't bet)
Seat 5: LittleVerole folded before Flop (didn't bet)
Seat 6: nofunfuma folded before Flop (didn't bet)



PokerStars Zoom Hand #259350152682:  Hold'em No Limit (€0.02/€0.05) - 2026/01/17 18:06:09 CET [2026/01/17 12:06:09 ET]
Table 'Asterope' 6-max Seat #1 is the button
Seat 1: JuanSoto22 (€3.81 in chips) 
Seat 2: idealistslp (€2.84 in chips) 
Seat 3: zevsmoura (€3.33 in chips) 
Seat 4: MakesMeRich (€7.36 in chips) 
Seat 5: Darkat79 (€5.02 in chips) 
Seat 6: LittleVerole (€6.45 in chips) 
idealistslp: posts small blind €0.02
zevsmoura: posts big blind €0.05
*** HOLE CARDS ***
Dealt to idealistslp [Qh Qd]
MakesMeRich: folds 
Darkat79: folds 
LittleVerole: folds 
JuanSoto22: raises €0.10 to €0.15
idealistslp: raises €0.10 to €0.25
zevsmoura: raises €0.35 to €0.60
JuanSoto22: calls €0.45
idealistslp: raises €1.80 to €2.40
zevsmoura: raises €0.93 to €3.33 and is all-in
JuanSoto22: raises €0.48 to €3.81 and is all-in
idealistslp: calls €0.44 and is all-in
Uncalled bet (€0.48) returned to JuanSoto22
*** FLOP *** [Td 3d 6s]
*** TURN *** [Td 3d 6s] [Kc]
*** RIVER *** [Td 3d 6s Kc] [4d]
*** SHOW DOWN ***
zevsmoura: shows [As Kd] (a pair of Kings)
JuanSoto22: shows [4s 4c] (three of a kind, Fours)
JuanSoto22 collected €0.93 from side pot
idealistslp: shows [Qh Qd] (a pair of Queens)
JuanSoto22 collected €8.09 from main pot
*** SUMMARY ***
Total pot €9.50 Main pot €8.09. Side pot €0.93. | Rake €0.48 
Board [Td 3d 6s Kc 4d]
Seat 1: JuanSoto22 (button) showed [4s 4c] and won (€9.02) with three of a kind, Fours
Seat 2: idealistslp (small blind) showed [Qh Qd] and lost with a pair of Queens
Seat 3: zevsmoura (big blind) showed [As Kd] and lost with a pair of Kings
Seat 4: MakesMeRich folded before Flop (didn't bet)
Seat 5: Darkat79 folded before Flop (didn't bet)
Seat 6: LittleVerole folded before Flop (didn't bet)



