PokerStars Zoom Hand #259348640823:  Hold'em No Limit (€0.02/€0.05) - 2026/01/17 15:53:12 CET [2026/01/17 9:53:12 ET]
Table 'Asterope' 6-max Seat #1 is the button
Seat 1: gregoss054 (€5 in chips) 
Seat 2: idealistslp (€4.95 in chips) 
Seat 3: alexisabrantes1 (€3.45 in chips) 
Seat 4: LAMERIC64 (€9.11 in chips) 
Seat 5: olijmandrea (€8.68 in chips) 
Seat 6: LaQuintabella (€3.75 in chips) 
idealistslp: posts small blind €0.02
alexisabrantes1: posts big blind €0.05
*** HOLE CARDS ***
Dealt to idealistslp [6d 8d]
LAMERIC64: folds 
olijmandrea: folds 
LaQuintabella: folds 
gregoss054: folds 
idealistslp: folds 
Uncalled bet (€0.03) returned to alexisabrantes1
alexisabrantes1 collected €0.04 from pot
alexisabrantes1: doesn't show hand 
*** SUMMARY ***
Total pot €0.04 | Rake €0 
Seat 1: gregoss054 (button) folded before Flop (didn't bet)
Seat 2: idealistslp (small blind) folded before Flop
Seat 3: alexisabrantes1 (big blind) collected (€0.04)
Seat 4: LAMERIC64 folded before Flop (didn't bet)
Seat 5: olijmandrea folded before Flop (didn't bet)
Seat 6: LaQuintabella folded before Flop (didn't bet)



PokerStars Zoom Hand #259348638336:  Hold'em No Limit (€0.02/€0.05) - 2026/01/17 15:52:58 CET [2026/01/17 9:52:58 ET]
Table 'Asterope' 6-max Seat #1 is the button
Seat 1: STEAKssss (€5 in chips) 
Seat 2: Foulekparo94400 (€6.21 in chips) 
Seat 3: idealistslp (€5 in chips) 
Seat 4: Moncerrate42 (€5.10 in chips) 
Seat 5: PaateMolle (€4.30 in chips) 
Seat 6: RoperoPedro (€3.43 in chips) 
Foulekparo94400: posts small blind €0.02
idealistslp: posts big blind €0.05
*** HOLE CARDS ***
Dealt to idealistslp [8c Ts]
Moncerrate42: folds 
PaateMolle: calls €0.05
RoperoPedro: folds 
STEAKssss: raises €0.15 to €0.20
Foulekparo94400: folds 
idealistslp: folds 
PaateMolle: calls €0.15
*** FLOP *** [5c 4d 4s]
PaateMolle: checks 
STEAKssss: checks 
*** TURN *** [5c 4d 4s] [4c]
PaateMolle: checks 
STEAKssss: checks 
*** RIVER *** [5c 4d 4s 4c] [3s]
PaateMolle: checks 
STEAKssss: bets €0.32
PaateMolle: folds 
Uncalled bet (€0.32) returned to STEAKssss
STEAKssss collected €0.45 from pot
STEAKssss: doesn't show hand 
*** SUMMARY ***
Total pot €0.47 | Rake €0.02 
Board [5c 4d 4s 4c 3s]
Seat 1: STEAKssss (button) collected (€0.45)
Seat 2: Foulekparo94400 (small blind) folded before Flop
Seat 3: idealistslp (big blind) folded before Flop
Seat 4: Moncerrate42 folded before Flop (didn't bet)
Seat 5: PaateMolle folded on the River
Seat 6: RoperoPedro folded before Flop (didn't bet)



PokerStars Zoom Hand #259348642012:  Hold'em No Limit (€0.02/€0.05) - 2026/01/17 15:53:19 CET [2026/01/17 9:53:19 ET]
Table 'Asterope' 6-max Seat #1 is the button
Seat 1: idealistslp (€4.93 in chips) 
Seat 2: sarm1988 (€8.29 in chips) 
Seat 3: Foulekparo94400 (€6.19 in chips) 
Seat 4: Grifffe (€5.34 in chips) 
Seat 5: viruspower (€4.76 in chips) 
Seat 6: RoperoPedro (€3.38 in chips) 
sarm1988: posts small blind €0.02
Foulekparo94400: posts big blind €0.05
*** HOLE CARDS ***
Dealt to idealistslp [Js 6s]
Grifffe: folds 
viruspower: folds 
RoperoPedro: raises €0.05 to €0.10
idealistslp: calls €0.10
sarm1988: folds 
Foulekparo94400: calls €0.05
*** FLOP *** [Qc Qs 8d]
Foulekparo94400: checks 
RoperoPedro: bets €0.15
idealistslp: folds 
Foulekparo94400: folds 
Uncalled bet (€0.15) returned to RoperoPedro
RoperoPedro collected €0.30 from pot
RoperoPedro: doesn't show hand 
*** SUMMARY ***
Total pot €0.32 | Rake €0.02 
Board [Qc Qs 8d]
Seat 1: idealistslp (button) folded on the Flop
Seat 2: sarm1988 (small blind) folded before Flop
Seat 3: Foulekparo94400 (big blind) folded on the Flop
Seat 4: Grifffe folded before Flop (didn't bet)
Seat 5: viruspower folded before Flop (didn't bet)
Seat 6: RoperoPedro collected (€0.30)



PokerStars Zoom Hand #259348647300:  Hold'em No Limit (€0.02/€0.05) - 2026/01/17 15:53:50 CET [2026/01/17 9:53:50 ET]
Table 'Asterope' 6-max Seat #1 is the button
Seat 1: baggio422 (€1.37 in chips) 
Seat 2: FELIPE439 (€4.56 in chips) 
Seat 3: espargentino (€7.49 in chips) 
Seat 4: DINO2418 (€6.71 in chips) 
Seat 5: esysteph (€4.93 in chips) 
Seat 6: idealistslp (€4.83 in chips) 
FELIPE439: posts small blind €0.02
espargentino: posts big blind €0.05
*** HOLE CARDS ***
Dealt to idealistslp [4c Ac]
DINO2418: folds 
esysteph: folds 
idealistslp: raises €0.05 to €0.10
baggio422: folds 
FELIPE439: folds 
espargentino: calls €0.05
*** FLOP *** [7s 3c 8s]
espargentino: checks 
idealistslp: bets €0.11
espargentino: folds 
Uncalled bet (€0.11) returned to idealistslp
idealistslp collected €0.21 from pot
idealistslp: doesn't show hand 
*** SUMMARY ***
Total pot €0.22 | Rake €0.01 
Board [7s 3c 8s]
Seat 1: baggio422 (button) folded before Flop (didn't bet)
Seat 2: FELIPE439 (small blind) folded before Flop
Seat 3: espargentino (big blind) folded on the Flop
Seat 4: DINO2418 folded before Flop (didn't bet)
Seat 5: esysteph folded before Flop (didn't bet)
Seat 6: idealistslp collected (€0.21)



PokerStars Zoom Hand #259348653856:  Hold'em No Limit (€0.02/€0.05) - 2026/01/17 15:54:27 CET [2026/01/17 9:54:27 ET]
Table 'Asterope' 6-max Seat #1 is the button
Seat 1: Penumbrita (€5.15 in chips) 
Seat 2: lmiranda.pt (€5.18 in chips) 
Seat 3: Moncerrate42 (€5.07 in chips) 
Seat 4: XWALLA77 (€5.60 in chips) 
Seat 5: idealistslp (€4.94 in chips) 
Seat 6: Bestiote (€1.85 in chips) 
lmiranda.pt: posts small blind €0.02
Moncerrate42: posts big blind €0.05
*** HOLE CARDS ***
Dealt to idealistslp [6d 4h]
XWALLA77: folds 
idealistslp: folds 
Bestiote: folds 
Penumbrita: folds 
lmiranda.pt: folds 
Uncalled bet (€0.03) returned to Moncerrate42
Moncerrate42 collected €0.04 from pot
Moncerrate42: doesn't show hand 
*** SUMMARY ***
Total pot €0.04 | Rake €0 
Seat 1: Penumbrita (button) folded before Flop (didn't bet)
Seat 2: lmiranda.pt (small blind) folded before Flop
Seat 3: Moncerrate42 (big blind) collected (€0.04)
Seat 4: XWALLA77 folded before Flop (didn't bet)
Seat 5: idealistslp folded before Flop (didn't bet)
Seat 6: Bestiote folded before Flop (didn't bet)



PokerStars Zoom Hand #259348655094:  Hold'em No Limit (€0.02/€0.05) - 2026/01/17 15:54:34 CET [2026/01/17 9:54:34 ET]
Table 'Asterope' 6-max Seat #1 is the button
Seat 1: Bestiote (€1.85 in chips) 
Seat 2: idealistslp (€4.94 in chips) 
Seat 3: olijmandrea (€8.14 in chips) 
Seat 4: Tiagofpsousa (€4.03 in chips) 
Seat 5: PaateMolle (€4.14 in chips) 
Seat 6: alda0208 (€5.60 in chips) 
idealistslp: posts small blind €0.02
olijmandrea: posts big blind €0.05
*** HOLE CARDS ***
Dealt to idealistslp [5h Ks]
Tiagofpsousa: folds 
PaateMolle: folds 
alda0208: calls €0.05
Bestiote: folds 
idealistslp: calls €0.03
olijmandrea: checks 
*** FLOP *** [9c 4d 5c]
idealistslp: bets €0.07
olijmandrea: folds 
alda0208: calls €0.07
*** TURN *** [9c 4d 5c] [9d]
idealistslp: checks 
alda0208: checks 
*** RIVER *** [9c 4d 5c 9d] [Th]
idealistslp: checks 
alda0208: checks 
*** SHOW DOWN ***
idealistslp: shows [5h Ks] (two pair, Nines and Fives)
alda0208: mucks hand 
idealistslp collected €0.28 from pot
*** SUMMARY ***
Total pot €0.29 | Rake €0.01 
Board [9c 4d 5c 9d Th]
Seat 1: Bestiote (button) folded before Flop (didn't bet)
Seat 2: idealistslp (small blind) showed [5h Ks] and won (€0.28) with two pair, Nines and Fives
Seat 3: olijmandrea (big blind) folded on the Flop
Seat 4: Tiagofpsousa folded before Flop (didn't bet)
Seat 5: PaateMolle folded before Flop (didn't bet)
Seat 6: alda0208 mucked [Kc 8d]



PokerStars Zoom Hand #259348661873:  Hold'em No Limit (€0.02/€0.05) - 2026/01/17 15:55:14 CET [2026/01/17 9:55:14 ET]
Table 'Asterope' 6-max Seat #1 is the button
Seat 1: rockurhead1 (€2.83 in chips) 
Seat 2: DINO2418 (€6.21 in chips) 
Seat 3: idealistslp (€5.10 in chips) 
Seat 4: cumoni (€3.05 in chips) 
Seat 5: STEAKssss (€5 in chips) 
Seat 6: Manu110167 (€4.97 in chips) 
DINO2418: posts small blind €0.02
idealistslp: posts big blind €0.05
*** HOLE CARDS ***
Dealt to idealistslp [7d Ac]
cumoni: folds 
STEAKssss: folds 
Manu110167: folds 
rockurhead1: folds 
DINO2418: calls €0.03
idealistslp: checks 
*** FLOP *** [5s 7h 2d]
DINO2418: checks 
idealistslp: bets €0.05
DINO2418: folds 
Uncalled bet (€0.05) returned to idealistslp
idealistslp collected €0.10 from pot
idealistslp: doesn't show hand 
*** SUMMARY ***
Total pot €0.10 | Rake €0 
Board [5s 7h 2d]
Seat 1: rockurhead1 (button) folded before Flop (didn't bet)
Seat 2: DINO2418 (small blind) folded on the Flop
Seat 3: idealistslp (big blind) collected (€0.10)
Seat 4: cumoni folded before Flop (didn't bet)
Seat 5: STEAKssss folded before Flop (didn't bet)
Seat 6: Manu110167 folded before Flop (didn't bet)



PokerStars Zoom Hand #259348666438:  Hold'em No Limit (€0.02/€0.05) - 2026/01/17 15:55:50 CET [2026/01/17 9:55:50 ET]
Table 'Asterope' 6-max Seat #1 is the button
Seat 1: idealistslp (€5.15 in chips) 
Seat 2: paul20025 (€4.60 in chips) 
Seat 3: Foulekparo94400 (€5.06 in chips) 
Seat 4: RoperoPedro (€3.44 in chips) 
Seat 5: PaateMolle (€4.38 in chips) 
Seat 6: nunofasousa2021 (€3.27 in chips) 
paul20025: posts small blind €0.02
Foulekparo94400: posts big blind €0.05
*** HOLE CARDS ***
Dealt to idealistslp [Td Ah]
RoperoPedro: folds 
PaateMolle: folds 
nunofasousa2021: folds 
idealistslp: raises €0.05 to €0.10
paul20025: calls €0.08
Foulekparo94400: calls €0.05
*** FLOP *** [Jh Kd 6h]
paul20025: checks 
Foulekparo94400: checks 
idealistslp: bets €0.14
paul20025: calls €0.14
Foulekparo94400: folds 
*** TURN *** [Jh Kd 6h] [Th]
paul20025: bets €0.05
idealistslp: calls €0.05
*** RIVER *** [Jh Kd 6h Th] [3d]
paul20025: bets €0.05
idealistslp: calls €0.05
*** SHOW DOWN ***
paul20025: shows [Qc Tc] (a pair of Tens)
idealistslp: shows [Td Ah] (a pair of Tens - Ace kicker)
idealistslp collected €0.74 from pot
*** SUMMARY ***
Total pot €0.78 | Rake €0.04 
Board [Jh Kd 6h Th 3d]
Seat 1: idealistslp (button) showed [Td Ah] and won (€0.74) with a pair of Tens
Seat 2: paul20025 (small blind) showed [Qc Tc] and lost with a pair of Tens
Seat 3: Foulekparo94400 (big blind) folded on the Flop
Seat 4: RoperoPedro folded before Flop (didn't bet)
Seat 5: PaateMolle folded before Flop (didn't bet)
Seat 6: nunofasousa2021 folded before Flop (didn't bet)



PokerStars Zoom Hand #259348674190:  Hold'em No Limit (€0.02/€0.05) - 2026/01/17 15:56:50 CET [2026/01/17 9:56:50 ET]
Table 'Asterope' 6-max Seat #1 is the button
Seat 1: sarm1988 (€6.89 in chips) 
Seat 2: gregoss054 (€5 in chips) 
Seat 3: olijmandrea (€8.99 in chips) 
Seat 4: esysteph (€4.54 in chips) 
Seat 5: idealistslp (€5.55 in chips) 
Seat 6: Foulekparo94400 (€5.34 in chips) 
gregoss054: posts small blind €0.02
olijmandrea: posts big blind €0.05
*** HOLE CARDS ***
Dealt to idealistslp [Jc 3d]
esysteph: folds 
idealistslp: folds 
Foulekparo94400: folds 
sarm1988: folds 
gregoss054: folds 
Uncalled bet (€0.03) returned to olijmandrea
olijmandrea collected €0.04 from pot
olijmandrea: doesn't show hand 
*** SUMMARY ***
Total pot €0.04 | Rake €0 
Seat 1: sarm1988 (button) folded before Flop (didn't bet)
Seat 2: gregoss054 (small blind) folded before Flop
Seat 3: olijmandrea (big blind) collected (€0.04)
Seat 4: esysteph folded before Flop (didn't bet)
Seat 5: idealistslp folded before Flop (didn't bet)
Seat 6: Foulekparo94400 folded before Flop (didn't bet)



PokerStars Zoom Hand #259348674880:  Hold'em No Limit (€0.02/€0.05) - 2026/01/17 15:56:56 CET [2026/01/17 9:56:56 ET]
Table 'Asterope' 6-max Seat #1 is the button
Seat 1: djtour59 (€2.67 in chips) 
Seat 2: RuiBorgesTasca (€4.63 in chips) 
Seat 3: flaviopsc (€4.82 in chips) 
Seat 4: idealistslp (€5.55 in chips) 
Seat 5: Elseparatio (€1.47 in chips) 
Seat 6: massked (€4.08 in chips) 
RuiBorgesTasca: posts small blind €0.02
flaviopsc: posts big blind €0.05
*** HOLE CARDS ***
Dealt to idealistslp [3s As]
idealistslp: raises €0.05 to €0.10
Elseparatio: calls €0.10
massked: folds 
djtour59: folds 
RuiBorgesTasca: calls €0.08
flaviopsc: calls €0.05
*** FLOP *** [5s 4d Td]
RuiBorgesTasca: bets €0.10
flaviopsc: folds 
idealistslp: raises €0.10 to €0.20
Elseparatio: folds 
RuiBorgesTasca: calls €0.10
*** TURN *** [5s 4d Td] [8d]
RuiBorgesTasca: checks 
idealistslp: bets €0.76
RuiBorgesTasca: calls €0.76
*** RIVER *** [5s 4d Td 8d] [Qh]
RuiBorgesTasca: checks 
idealistslp: checks 
*** SHOW DOWN ***
RuiBorgesTasca: shows [5d 3d] (a flush, Ten high)
idealistslp: mucks hand 
RuiBorgesTasca collected €2.20 from pot
*** SUMMARY ***
Total pot €2.32 | Rake €0.12 
Board [5s 4d Td 8d Qh]
Seat 1: djtour59 (button) folded before Flop (didn't bet)
Seat 2: RuiBorgesTasca (small blind) showed [5d 3d] and won (€2.20) with a flush, Ten high
Seat 3: flaviopsc (big blind) folded on the Flop
Seat 4: idealistslp mucked [3s As]
Seat 5: Elseparatio folded on the Flop
Seat 6: massked folded before Flop (didn't bet)



PokerStars Zoom Hand #259348682268:  Hold'em No Limit (€0.02/€0.05) - 2026/01/17 15:57:52 CET [2026/01/17 9:57:52 ET]
Table 'Asterope' 6-max Seat #1 is the button
Seat 1: crmLL (€3.67 in chips) 
Seat 2: idealistslp (€4.49 in chips) 
Seat 3: djtour59 (€2.55 in chips) 
Seat 4: massked (€10.02 in chips) 
Seat 5: rafale032 (€6.19 in chips) 
Seat 6: chismielx (€4.51 in chips) 
idealistslp: posts small blind €0.02
djtour59: posts big blind €0.05
*** HOLE CARDS ***
Dealt to idealistslp [8d 7d]
massked: folds 
rafale032: folds 
chismielx: raises €0.10 to €0.15
crmLL: folds 
idealistslp: folds 
djtour59: folds 
Uncalled bet (€0.10) returned to chismielx
chismielx collected €0.12 from pot
chismielx: doesn't show hand 
*** SUMMARY ***
Total pot €0.12 | Rake €0 
Seat 1: crmLL (button) folded before Flop (didn't bet)
Seat 2: idealistslp (small blind) folded before Flop
Seat 3: djtour59 (big blind) folded before Flop
Seat 4: massked folded before Flop (didn't bet)
Seat 5: rafale032 folded before Flop (didn't bet)
Seat 6: chismielx collected (€0.12)



PokerStars Zoom Hand #259348683107:  Hold'em No Limit (€0.02/€0.05) - 2026/01/17 15:57:59 CET [2026/01/17 9:57:59 ET]
Table 'Asterope' 6-max Seat #1 is the button
Seat 1: viruspower (€3.58 in chips) 
Seat 2: nonoficial (€5.69 in chips) 
Seat 3: idealistslp (€4.98 in chips) 
Seat 4: rafale032 (€6.19 in chips) 
Seat 5: Jorgebcn76 (€5.05 in chips) 
Seat 6: Manu110167 (€4.96 in chips) 
nonoficial: posts small blind €0.02
idealistslp: posts big blind €0.05
*** HOLE CARDS ***
Dealt to idealistslp [8c Jc]
rafale032: folds 
Jorgebcn76: folds 
Manu110167: folds 
viruspower: folds 
nonoficial: folds 
Uncalled bet (€0.03) returned to idealistslp
idealistslp collected €0.04 from pot
idealistslp: doesn't show hand 
*** SUMMARY ***
Total pot €0.04 | Rake €0 
Seat 1: viruspower (button) folded before Flop (didn't bet)
Seat 2: nonoficial (small blind) folded before Flop
Seat 3: idealistslp (big blind) collected (€0.04)
Seat 4: rafale032 folded before Flop (didn't bet)
Seat 5: Jorgebcn76 folded before Flop (didn't bet)
Seat 6: Manu110167 folded before Flop (didn't bet)



PokerStars Zoom Hand #259348687206:  Hold'em No Limit (€0.02/€0.05) - 2026/01/17 15:58:30 CET [2026/01/17 9:58:30 ET]
Table 'Asterope' 6-max Seat #1 is the button
Seat 1: JohnnyDealer05 (€9.81 in chips) 
Seat 2: zevsmoura (€5.47 in chips) 
Seat 3: massked (€3.94 in chips) 
Seat 4: sarm1988 (€12.25 in chips) 
Seat 5: Jorgebcn76 (€10.40 in chips) 
Seat 6: idealistslp (€5 in chips) 
zevsmoura: posts small blind €0.02
massked: posts big blind €0.05
*** HOLE CARDS ***
Dealt to idealistslp [Jd 6h]
sarm1988: folds 
Jorgebcn76: raises €0.06 to €0.11
idealistslp: folds 
JohnnyDealer05: folds 
zevsmoura: folds 
massked: folds 
Uncalled bet (€0.06) returned to Jorgebcn76
Jorgebcn76 collected €0.12 from pot
Jorgebcn76: doesn't show hand 
*** SUMMARY ***
Total pot €0.12 | Rake €0 
Seat 1: JohnnyDealer05 (button) folded before Flop (didn't bet)
Seat 2: zevsmoura (small blind) folded before Flop
Seat 3: massked (big blind) folded before Flop
Seat 4: sarm1988 folded before Flop (didn't bet)
Seat 5: Jorgebcn76 collected (€0.12)
Seat 6: idealistslp folded before Flop (didn't bet)



PokerStars Zoom Hand #259348688825:  Hold'em No Limit (€0.02/€0.05) - 2026/01/17 15:58:42 CET [2026/01/17 9:58:42 ET]
Table 'Asterope' 6-max Seat #1 is the button
Seat 1: DINO2418 (€5.85 in chips) 
Seat 2: cumoni (€3.12 in chips) 
Seat 3: joan837 (€1.48 in chips) 
Seat 4: gregoss054 (€10.60 in chips) 
Seat 5: rafale032 (€5.91 in chips) 
Seat 6: idealistslp (€5 in chips) 
cumoni: posts small blind €0.02
joan837: posts big blind €0.05
*** HOLE CARDS ***
Dealt to idealistslp [2h Js]
gregoss054: folds 
rafale032: folds 
idealistslp: folds 
DINO2418: folds 
cumoni: folds 
Uncalled bet (€0.03) returned to joan837
joan837 collected €0.04 from pot
joan837: doesn't show hand 
*** SUMMARY ***
Total pot €0.04 | Rake €0 
Seat 1: DINO2418 (button) folded before Flop (didn't bet)
Seat 2: cumoni (small blind) folded before Flop
Seat 3: joan837 (big blind) collected (€0.04)
Seat 4: gregoss054 folded before Flop (didn't bet)
Seat 5: rafale032 folded before Flop (didn't bet)
Seat 6: idealistslp folded before Flop (didn't bet)



PokerStars Zoom Hand #259348689425:  Hold'em No Limit (€0.02/€0.05) - 2026/01/17 15:58:46 CET [2026/01/17 9:58:46 ET]
Table 'Asterope' 6-max Seat #1 is the button
Seat 1: alexisabrantes1 (€1.45 in chips) 
Seat 2: Penumbrita (€4.95 in chips) 
Seat 3: PaateMolle (€4.61 in chips) 
Seat 4: idealistslp (€5 in chips) 
Seat 5: flaviopsc (€4.12 in chips) 
Seat 6: crmLL (€4.27 in chips) 
Penumbrita: posts small blind €0.02
PaateMolle: posts big blind €0.05
*** HOLE CARDS ***
Dealt to idealistslp [5h 2h]
idealistslp: folds 
flaviopsc: folds 
crmLL: folds 
alexisabrantes1: folds 
Penumbrita: folds 
Uncalled bet (€0.03) returned to PaateMolle
PaateMolle collected €0.04 from pot
PaateMolle: doesn't show hand 
*** SUMMARY ***
Total pot €0.04 | Rake €0 
Seat 1: alexisabrantes1 (button) folded before Flop (didn't bet)
Seat 2: Penumbrita (small blind) folded before Flop
Seat 3: PaateMolle (big blind) collected (€0.04)
Seat 4: idealistslp folded before Flop (didn't bet)
Seat 5: flaviopsc folded before Flop (didn't bet)
Seat 6: crmLL folded before Flop (didn't bet)



PokerStars Zoom Hand #259348689977:  Hold'em No Limit (€0.02/€0.05) - 2026/01/17 15:58:51 CET [2026/01/17 9:58:51 ET]
Table 'Asterope' 6-max Seat #1 is the button
Seat 1: DINO2418 (€4.24 in chips) 
Seat 2: flaviopsc (€4.12 in chips) 
Seat 3: STEAKssss (€5 in chips) 
Seat 4: idealistslp (€5 in chips) 
Seat 5: rafale032 (€5.05 in chips) 
Seat 6: crmLL (€10.84 in chips) 
flaviopsc: posts small blind €0.02
STEAKssss: posts big blind €0.05
*** HOLE CARDS ***
Dealt to idealistslp [Qs Jh]
idealistslp: raises €0.05 to €0.10
rafale032: folds 
crmLL: calls €0.10
DINO2418: folds 
flaviopsc: folds 
STEAKssss: calls €0.05
*** FLOP *** [Ah 5c 6d]
STEAKssss: checks 
idealistslp: bets €0.15
crmLL: folds 
STEAKssss: folds 
Uncalled bet (€0.15) returned to idealistslp
idealistslp collected €0.30 from pot
idealistslp: doesn't show hand 
*** SUMMARY ***
Total pot €0.32 | Rake €0.02 
Board [Ah 5c 6d]
Seat 1: DINO2418 (button) folded before Flop (didn't bet)
Seat 2: flaviopsc (small blind) folded before Flop
Seat 3: STEAKssss (big blind) folded on the Flop
Seat 4: idealistslp collected (€0.30)
Seat 5: rafale032 folded before Flop (didn't bet)
Seat 6: crmLL folded on the Flop



PokerStars Zoom Hand #259348686305:  Hold'em No Limit (€0.02/€0.05) - 2026/01/17 15:58:23 CET [2026/01/17 9:58:23 ET]
Table 'Asterope' 6-max Seat #1 is the button
Seat 1: idealistslp (€5 in chips) 
Seat 2: Tiagofpsousa (€3.92 in chips) 
Seat 3: Hofmann22 (€8.25 in chips) 
Seat 4: chismielx (€4.58 in chips) 
Seat 5: RuiBorgesTasca (€5.72 in chips) 
Seat 6: massked (€3.94 in chips) 
Tiagofpsousa: posts small blind €0.02
Hofmann22: posts big blind €0.05
*** HOLE CARDS ***
Dealt to idealistslp [6s Ts]
chismielx: raises €0.10 to €0.15
RuiBorgesTasca: folds 
massked: folds 
idealistslp: folds 
Tiagofpsousa: calls €0.13
Hofmann22: folds 
*** FLOP *** [Td 3s 4s]
Tiagofpsousa: bets €0.17
chismielx: calls €0.17
*** TURN *** [Td 3s 4s] [5h]
Tiagofpsousa: checks 
chismielx: bets €0.33
Tiagofpsousa: calls €0.33
*** RIVER *** [Td 3s 4s 5h] [4c]
Tiagofpsousa: checks 
chismielx: checks 
*** SHOW DOWN ***
Tiagofpsousa: shows [Ah 5s] (two pair, Fives and Fours)
chismielx: mucks hand 
Tiagofpsousa collected €1.28 from pot
*** SUMMARY ***
Total pot €1.35 | Rake €0.07 
Board [Td 3s 4s 5h 4c]
Seat 1: idealistslp (button) folded before Flop (didn't bet)
Seat 2: Tiagofpsousa (small blind) showed [Ah 5s] and won (€1.28) with two pair, Fives and Fours
Seat 3: Hofmann22 (big blind) folded before Flop
Seat 4: chismielx mucked [As Kd]
Seat 5: RuiBorgesTasca folded before Flop (didn't bet)
Seat 6: massked folded before Flop (didn't bet)



PokerStars Zoom Hand #259348688356:  Hold'em No Limit (€0.02/€0.05) - 2026/01/17 15:58:38 CET [2026/01/17 9:58:38 ET]
Table 'Asterope' 6-max Seat #1 is the button
Seat 1: Hofmann22 (€8.20 in chips) 
Seat 2: baggio422 (€1.93 in chips) 
Seat 3: adfm75 (€4.49 in chips) 
Seat 4: PaateMolle (€4.61 in chips) 
Seat 5: idealistslp (€5 in chips) 
Seat 6: rafale032 (€5.91 in chips) 
baggio422: posts small blind €0.02
adfm75: posts big blind €0.05
*** HOLE CARDS ***
Dealt to idealistslp [9h 7c]
PaateMolle: folds 
idealistslp: folds 
rafale032: folds 
Hofmann22: folds 
baggio422: raises €0.10 to €0.15
adfm75: calls €0.10
*** FLOP *** [As Qc 4c]
baggio422: bets €0.15
adfm75: calls €0.15
*** TURN *** [As Qc 4c] [Kc]
baggio422: bets €0.25
adfm75: calls €0.25
*** RIVER *** [As Qc 4c Kc] [Ah]
baggio422: bets €0.45
adfm75: calls €0.45
*** SHOW DOWN ***
baggio422: shows [Ac 8d] (three of a kind, Aces)
adfm75: mucks hand 
baggio422 collected €1.90 from pot
*** SUMMARY ***
Total pot €2 | Rake €0.10 
Board [As Qc 4c Kc Ah]
Seat 1: Hofmann22 (button) folded before Flop (didn't bet)
Seat 2: baggio422 (small blind) showed [Ac 8d] and won (€1.90) with three of a kind, Aces
Seat 3: adfm75 (big blind) mucked [Qh Tc]
Seat 4: PaateMolle folded before Flop (didn't bet)
Seat 5: idealistslp folded before Flop (didn't bet)
Seat 6: rafale032 folded before Flop (didn't bet)



PokerStars Zoom Hand #259348693336:  Hold'em No Limit (€0.02/€0.05) - 2026/01/17 15:59:16 CET [2026/01/17 9:59:16 ET]
Table 'Asterope' 6-max Seat #1 is the button
Seat 1: Manu110167 (€4.91 in chips) 
Seat 2: gregoss054 (€10.50 in chips) 
Seat 3: rafale032 (€5.25 in chips) 
Seat 4: idealistslp (€5.20 in chips) 
Seat 5: olijmandrea (€8.51 in chips) 
Seat 6: JohnnyDealer05 (€9.94 in chips) 
gregoss054: posts small blind €0.02
rafale032: posts big blind €0.05
*** HOLE CARDS ***
Dealt to idealistslp [Ad Jd]
idealistslp: raises €0.05 to €0.10
olijmandrea: folds 
JohnnyDealer05: raises €0.20 to €0.30
Manu110167 has timed out
Manu110167: folds 
gregoss054: folds 
rafale032: folds 
idealistslp: calls €0.20
*** FLOP *** [5d 8s Qd]
idealistslp: bets €0.32
JohnnyDealer05: calls €0.32
*** TURN *** [5d 8s Qd] [8h]
idealistslp: checks 
JohnnyDealer05: checks 
*** RIVER *** [5d 8s Qd 8h] [Ks]
idealistslp: checks 
JohnnyDealer05: bets €1.24
idealistslp: folds 
Uncalled bet (€1.24) returned to JohnnyDealer05
JohnnyDealer05 collected €1.24 from pot
JohnnyDealer05: doesn't show hand 
*** SUMMARY ***
Total pot €1.31 | Rake €0.07 
Board [5d 8s Qd 8h Ks]
Seat 1: Manu110167 (button) folded before Flop (didn't bet)
Seat 2: gregoss054 (small blind) folded before Flop
Seat 3: rafale032 (big blind) folded before Flop
Seat 4: idealistslp folded on the River
Seat 5: olijmandrea folded before Flop (didn't bet)
Seat 6: JohnnyDealer05 collected (€1.24)



PokerStars Zoom Hand #259348704626:  Hold'em No Limit (€0.02/€0.05) - 2026/01/17 16:00:40 CET [2026/01/17 10:00:40 ET]
Table 'Asterope' 6-max Seat #1 is the button
Seat 1: david6255 (€1.53 in chips) 
Seat 2: scaramouche84 (€4.37 in chips) 
Seat 3: idealistslp (€4.58 in chips) 
Seat 4: Penumbrita (€5.30 in chips) 
Seat 5: Guiyerbajo (€5.03 in chips) 
Seat 6: VINGCOEUR1 (€3.98 in chips) 
scaramouche84: posts small blind €0.02
idealistslp: posts big blind €0.05
*** HOLE CARDS ***
Dealt to idealistslp [3c 4h]
Penumbrita: folds 
Guiyerbajo: folds 
VINGCOEUR1: folds 
david6255: folds 
scaramouche84: folds 
Uncalled bet (€0.03) returned to idealistslp
idealistslp collected €0.04 from pot
idealistslp: doesn't show hand 
*** SUMMARY ***
Total pot €0.04 | Rake €0 
Seat 1: david6255 (button) folded before Flop (didn't bet)
Seat 2: scaramouche84 (small blind) folded before Flop
Seat 3: idealistslp (big blind) collected (€0.04)
Seat 4: Penumbrita folded before Flop (didn't bet)
Seat 5: Guiyerbajo folded before Flop (didn't bet)
Seat 6: VINGCOEUR1 folded before Flop (didn't bet)



PokerStars Zoom Hand #259348706153:  Hold'em No Limit (€0.02/€0.05) - 2026/01/17 16:00:51 CET [2026/01/17 10:00:51 ET]
Table 'Asterope' 6-max Seat #1 is the button
Seat 1: Cacartiflette01 (€5.17 in chips) 
Seat 2: idealistslp (€5 in chips) 
Seat 3: Hofmann22 (€7.99 in chips) 
Seat 4: chelius869 (€15.25 in chips) 
Seat 5: rafale032 (€5.84 in chips) 
Seat 6: Mr Tiñanazo (€2.72 in chips) 
idealistslp: posts small blind €0.02
Hofmann22: posts big blind €0.05
*** HOLE CARDS ***
Dealt to idealistslp [Ac 9s]
chelius869: folds 
rafale032: folds 
Mr Tiñanazo: calls €0.05
Cacartiflette01: raises €0.15 to €0.20
idealistslp: calls €0.18
Hofmann22: folds 
Mr Tiñanazo: calls €0.15
*** FLOP *** [6s Kh Qh]
idealistslp: bets €0.31
Mr Tiñanazo: folds 
Cacartiflette01: calls €0.31
*** TURN *** [6s Kh Qh] [Qd]
idealistslp: checks 
Cacartiflette01: checks 
*** RIVER *** [6s Kh Qh Qd] [Kc]
idealistslp: checks 
Cacartiflette01: bets €0.40
idealistslp: calls €0.40
*** SHOW DOWN ***
Cacartiflette01: shows [2d Kd] (a full house, Kings full of Queens)
idealistslp: mucks hand 
Cacartiflette01 collected €1.97 from pot
*** SUMMARY ***
Total pot €2.07 | Rake €0.10 
Board [6s Kh Qh Qd Kc]
Seat 1: Cacartiflette01 (button) showed [2d Kd] and won (€1.97) with a full house, Kings full of Queens
Seat 2: idealistslp (small blind) mucked [Ac 9s]
Seat 3: Hofmann22 (big blind) folded before Flop
Seat 4: chelius869 folded before Flop (didn't bet)
Seat 5: rafale032 folded before Flop (didn't bet)
Seat 6: Mr Tiñanazo folded on the Flop



PokerStars Zoom Hand #259348724108:  Hold'em No Limit (€0.02/€0.05) - 2026/01/17 16:02:37 CET [2026/01/17 10:02:37 ET]
Table 'Asterope' 6-max Seat #1 is the button
Seat 1: idealistslp (€4.09 in chips) 
Seat 2: paul20025 (€4.18 in chips) 
Seat 3: Penumbrita (€4.95 in chips) 
Seat 4: trinityandme (€3.86 in chips) 
Seat 5: Hofmann22 (€7.92 in chips) 
Seat 6: rafale032 (€5 in chips) 
paul20025: posts small blind €0.02
Penumbrita: posts big blind €0.05
*** HOLE CARDS ***
Dealt to idealistslp [5d Kd]
trinityandme: folds 
Hofmann22: folds 
rafale032: folds 
idealistslp: raises €0.12 to €0.17
paul20025: folds 
Penumbrita: folds 
Uncalled bet (€0.12) returned to idealistslp
idealistslp collected €0.12 from pot
idealistslp: doesn't show hand 
*** SUMMARY ***
Total pot €0.12 | Rake €0 
Seat 1: idealistslp (button) collected (€0.12)
Seat 2: paul20025 (small blind) folded before Flop
Seat 3: Penumbrita (big blind) folded before Flop
Seat 4: trinityandme folded before Flop (didn't bet)
Seat 5: Hofmann22 folded before Flop (didn't bet)
Seat 6: rafale032 folded before Flop (didn't bet)



PokerStars Zoom Hand #259348726952:  Hold'em No Limit (€0.02/€0.05) - 2026/01/17 16:02:53 CET [2026/01/17 10:02:53 ET]
Table 'Asterope' 6-max Seat #1 is the button
Seat 1: nunofasousa2021 (€5.19 in chips) 
Seat 2: Pipps33 (€3.91 in chips) 
Seat 3: baggio422 (€2.89 in chips) 
Seat 4: adfm75 (€2.78 in chips) 
Seat 5: chelius869 (€15.02 in chips) 
Seat 6: idealistslp (€5 in chips) 
Pipps33: posts small blind €0.02
baggio422: posts big blind €0.05
*** HOLE CARDS ***
Dealt to idealistslp [9d 4d]
adfm75: folds 
chelius869: folds 
idealistslp: folds 
nunofasousa2021: folds 
Pipps33: calls €0.03
baggio422: checks 
*** FLOP *** [8c 6c 9s]
Pipps33: checks 
baggio422: checks 
*** TURN *** [8c 6c 9s] [2c]
Pipps33: checks 
baggio422: checks 
*** RIVER *** [8c 6c 9s 2c] [As]
Pipps33: checks 
baggio422: checks 
*** SHOW DOWN ***
Pipps33: shows [Qh Tc] (high card Ace)
baggio422: mucks hand 
Pipps33 collected €0.10 from pot
*** SUMMARY ***
Total pot €0.10 | Rake €0 
Board [8c 6c 9s 2c As]
Seat 1: nunofasousa2021 (button) folded before Flop (didn't bet)
Seat 2: Pipps33 (small blind) showed [Qh Tc] and won (€0.10) with high card Ace
Seat 3: baggio422 (big blind) mucked [Td 3h]
Seat 4: adfm75 folded before Flop (didn't bet)
Seat 5: chelius869 folded before Flop (didn't bet)
Seat 6: idealistslp folded before Flop (didn't bet)



PokerStars Zoom Hand #259348728018:  Hold'em No Limit (€0.02/€0.05) - 2026/01/17 16:02:59 CET [2026/01/17 10:02:59 ET]
Table 'Asterope' 6-max Seat #1 is the button
Seat 1: picaraza86 (€1.48 in chips) 
Seat 2: crmLL (€4.03 in chips) 
Seat 3: idealistslp (€5 in chips) 
Seat 4: franelbombazo (€7.06 in chips) 
Seat 5: myroslava132 (€4.90 in chips) 
Seat 6: alda0208 (€5.44 in chips) 
crmLL: posts small blind €0.02
idealistslp: posts big blind €0.05
*** HOLE CARDS ***
Dealt to idealistslp [4d Kh]
franelbombazo: raises €0.05 to €0.10
myroslava132: folds 
alda0208: folds 
picaraza86: raises €0.05 to €0.15
crmLL: folds 
idealistslp: calls €0.10
franelbombazo: calls €0.05
*** FLOP *** [9c 4h Jh]
idealistslp: bets €0.23
franelbombazo: calls €0.23
picaraza86: calls €0.23
*** TURN *** [9c 4h Jh] [5s]
idealistslp: checks 
franelbombazo: checks 
picaraza86: bets €0.05
idealistslp: calls €0.05
franelbombazo: folds 
*** RIVER *** [9c 4h Jh 5s] [2h]
idealistslp: checks 
picaraza86: checks 
*** SHOW DOWN ***
idealistslp: shows [4d Kh] (a pair of Fours)
picaraza86: shows [Td Th] (a pair of Tens)
picaraza86 collected €1.20 from pot
*** SUMMARY ***
Total pot €1.26 | Rake €0.06 
Board [9c 4h Jh 5s 2h]
Seat 1: picaraza86 (button) showed [Td Th] and won (€1.20) with a pair of Tens
Seat 2: crmLL (small blind) folded before Flop
Seat 3: idealistslp (big blind) showed [4d Kh] and lost with a pair of Fours
Seat 4: franelbombazo folded on the Turn
Seat 5: myroslava132 folded before Flop (didn't bet)
Seat 6: alda0208 folded before Flop (didn't bet)



PokerStars Zoom Hand #259348737416:  Hold'em No Limit (€0.02/€0.05) - 2026/01/17 16:03:52 CET [2026/01/17 10:03:52 ET]
Table 'Asterope' 6-max Seat #1 is the button
Seat 1: idealistslp (€4.57 in chips) 
Seat 2: franelbombazo (€6.68 in chips) 
Seat 3: leobcn9 (€7.35 in chips) 
Seat 4: rafale032 (€5 in chips) 
Seat 5: lobitillo (€5.95 in chips) 
Seat 6: picaraza86 (€2.25 in chips) 
franelbombazo: posts small blind €0.02
leobcn9: posts big blind €0.05
*** HOLE CARDS ***
Dealt to idealistslp [Ac Ad]
rafale032: raises €0.10 to €0.15
lobitillo: folds 
picaraza86: folds 
idealistslp: calls €0.15
franelbombazo: folds 
leobcn9: folds 
*** FLOP *** [2s 8h 6c]
rafale032: checks 
idealistslp: bets €0.18
rafale032: calls €0.18
*** TURN *** [2s 8h 6c] [4h]
rafale032: checks 
idealistslp: bets €0.35
rafale032: calls €0.35
*** RIVER *** [2s 8h 6c 4h] [2d]
rafale032: checks 
idealistslp: checks 
*** SHOW DOWN ***
rafale032: shows [Jd Ah] (a pair of Deuces)
idealistslp: shows [Ac Ad] (two pair, Aces and Deuces)
idealistslp collected €1.36 from pot
*** SUMMARY ***
Total pot €1.43 | Rake €0.07 
Board [2s 8h 6c 4h 2d]
Seat 1: idealistslp (button) showed [Ac Ad] and won (€1.36) with two pair, Aces and Deuces
Seat 2: franelbombazo (small blind) folded before Flop
Seat 3: leobcn9 (big blind) folded before Flop
Seat 4: rafale032 showed [Jd Ah] and lost with a pair of Deuces
Seat 5: lobitillo folded before Flop (didn't bet)
Seat 6: picaraza86 folded before Flop (didn't bet)



PokerStars Zoom Hand #259348747736:  Hold'em No Limit (€0.02/€0.05) - 2026/01/17 16:04:50 CET [2026/01/17 10:04:50 ET]
Table 'Asterope' 6-max Seat #1 is the button
Seat 1: matheus15567 (€4.85 in chips) 
Seat 2: geovannyhanna (€9.52 in chips) 
Seat 3: rafale032 (€5 in chips) 
Seat 4: crmLL (€10.71 in chips) 
Seat 5: idealistslp (€5.25 in chips) 
Seat 6: Mr Tiñanazo (€4.33 in chips) 
geovannyhanna: posts small blind €0.02
rafale032: posts big blind €0.05
*** HOLE CARDS ***
Dealt to idealistslp [Th 6h]
crmLL: raises €0.12 to €0.17
idealistslp: folds 
Mr Tiñanazo: folds 
matheus15567: folds 
geovannyhanna: folds 
rafale032: folds 
Uncalled bet (€0.12) returned to crmLL
crmLL collected €0.12 from pot
crmLL: doesn't show hand 
*** SUMMARY ***
Total pot €0.12 | Rake €0 
Seat 1: matheus15567 (button) folded before Flop (didn't bet)
Seat 2: geovannyhanna (small blind) folded before Flop
Seat 3: rafale032 (big blind) folded before Flop
Seat 4: crmLL collected (€0.12)
Seat 5: idealistslp folded before Flop (didn't bet)
Seat 6: Mr Tiñanazo folded before Flop (didn't bet)



PokerStars Zoom Hand #259348748880:  Hold'em No Limit (€0.02/€0.05) - 2026/01/17 16:04:56 CET [2026/01/17 10:04:56 ET]
Table 'Asterope' 6-max Seat #1 is the button
Seat 1: rafale032 (€7.19 in chips) 
Seat 2: picaraza86 (€2.26 in chips) 
Seat 3: LAMERIC64 (€10.65 in chips) 
Seat 4: MacaEA2125 (€3.01 in chips) 
Seat 5: SlymJx (€11.34 in chips) 
Seat 6: idealistslp (€5.25 in chips) 
picaraza86: posts small blind €0.02
LAMERIC64: posts big blind €0.05
*** HOLE CARDS ***
Dealt to idealistslp [Kc Qc]
MacaEA2125: folds 
SlymJx: folds 
idealistslp: raises €0.05 to €0.10
rafale032: folds 
picaraza86: folds 
LAMERIC64: calls €0.05
*** FLOP *** [Kd 4d 9s]
LAMERIC64: checks 
idealistslp: bets €0.11
LAMERIC64: calls €0.11
*** TURN *** [Kd 4d 9s] [6c]
LAMERIC64: checks 
idealistslp: bets €0.21
LAMERIC64: calls €0.21
*** RIVER *** [Kd 4d 9s 6c] [3h]
LAMERIC64: checks 
idealistslp: bets €0.41
LAMERIC64: calls €0.41
*** SHOW DOWN ***
idealistslp: shows [Kc Qc] (a pair of Kings)
LAMERIC64: mucks hand 
idealistslp collected €1.60 from pot
*** SUMMARY ***
Total pot €1.68 | Rake €0.08 
Board [Kd 4d 9s 6c 3h]
Seat 1: rafale032 (button) folded before Flop (didn't bet)
Seat 2: picaraza86 (small blind) folded before Flop
Seat 3: LAMERIC64 (big blind) mucked [9c Td]
Seat 4: MacaEA2125 folded before Flop (didn't bet)
Seat 5: SlymJx folded before Flop (didn't bet)
Seat 6: idealistslp showed [Kc Qc] and won (€1.60) with a pair of Kings



PokerStars Zoom Hand #259348758780:  Hold'em No Limit (€0.02/€0.05) - 2026/01/17 16:05:51 CET [2026/01/17 10:05:51 ET]
Table 'Asterope' 6-max Seat #1 is the button
Seat 1: LAMERIC64 (€9.82 in chips) 
Seat 2: idealistslp (€6.02 in chips) 
Seat 3: rafale032 (€5 in chips) 
Seat 4: geovannyhanna (€8.86 in chips) 
Seat 5: Pipps33 (€3.56 in chips) 
Seat 6: Jorgebcn76 (€10.94 in chips) 
idealistslp: posts small blind €0.02
rafale032: posts big blind €0.05
*** HOLE CARDS ***
Dealt to idealistslp [3h 5h]
geovannyhanna: folds 
Pipps33: folds 
Jorgebcn76: folds 
LAMERIC64: folds 
idealistslp: raises €0.05 to €0.10
rafale032: raises €0.15 to €0.25
idealistslp: folds 
Uncalled bet (€0.15) returned to rafale032
rafale032 collected €0.20 from pot
rafale032: doesn't show hand 
*** SUMMARY ***
Total pot €0.20 | Rake €0 
Seat 1: LAMERIC64 (button) folded before Flop (didn't bet)
Seat 2: idealistslp (small blind) folded before Flop
Seat 3: rafale032 (big blind) collected (€0.20)
Seat 4: geovannyhanna folded before Flop (didn't bet)
Seat 5: Pipps33 folded before Flop (didn't bet)
Seat 6: Jorgebcn76 folded before Flop (didn't bet)



PokerStars Zoom Hand #259348763041:  Hold'em No Limit (€0.02/€0.05) - 2026/01/17 16:06:15 CET [2026/01/17 10:06:15 ET]
Table 'Asterope' 6-max Seat #1 is the button
Seat 1: idealistslp (€5.92 in chips) 
Seat 2: sarm1988 (€6.59 in chips) 
Seat 3: pat1605 (€8.08 in chips) 
Seat 4: zevsmoura (€3.60 in chips) 
Seat 5: FELIPE439 (€2.57 in chips) 
Seat 6: chelius869 (€14.69 in chips) 
sarm1988: posts small blind €0.02
pat1605: posts big blind €0.05
*** HOLE CARDS ***
Dealt to idealistslp [2d 5c]
zevsmoura: folds 
FELIPE439: raises €0.10 to €0.15
chelius869: folds 
idealistslp: folds 
sarm1988: calls €0.13
pat1605: calls €0.10
*** FLOP *** [3h 8d Kc]
sarm1988: checks 
pat1605: checks 
FELIPE439: bets €0.45
sarm1988: folds 
pat1605: folds 
Uncalled bet (€0.45) returned to FELIPE439
FELIPE439 collected €0.43 from pot
FELIPE439: doesn't show hand 
*** SUMMARY ***
Total pot €0.45 | Rake €0.02 
Board [3h 8d Kc]
Seat 1: idealistslp (button) folded before Flop (didn't bet)
Seat 2: sarm1988 (small blind) folded on the Flop
Seat 3: pat1605 (big blind) folded on the Flop
Seat 4: zevsmoura folded before Flop (didn't bet)
Seat 5: FELIPE439 collected (€0.43)
Seat 6: chelius869 folded before Flop (didn't bet)



PokerStars Zoom Hand #259348763648:  Hold'em No Limit (€0.02/€0.05) - 2026/01/17 16:06:18 CET [2026/01/17 10:06:18 ET]
Table 'Asterope' 6-max Seat #1 is the button
Seat 1: crmLL (€4.27 in chips) 
Seat 2: jash1945 (€5.60 in chips) 
Seat 3: baggio422 (€1.82 in chips) 
Seat 4: idealistslp (€5.92 in chips) 
Seat 5: chelius869 (€14.69 in chips) 
Seat 6: Penumbrita (€4.49 in chips) 
jash1945: posts small blind €0.02
baggio422: posts big blind €0.05
*** HOLE CARDS ***
Dealt to idealistslp [Qh 8d]
idealistslp: raises €0.05 to €0.10
chelius869: raises €0.05 to €0.15
Penumbrita: folds 
crmLL: folds 
jash1945: folds 
baggio422: folds 
idealistslp: calls €0.05
*** FLOP *** [Kd 4c 2c]
idealistslp: bets €0.18
chelius869: calls €0.18
*** TURN *** [Kd 4c 2c] [Qc]
idealistslp: checks 
chelius869: checks 
*** RIVER *** [Kd 4c 2c Qc] [7h]
idealistslp: checks 
chelius869: checks 
*** SHOW DOWN ***
idealistslp: shows [Qh 8d] (a pair of Queens)
chelius869: mucks hand 
idealistslp collected €0.69 from pot
*** SUMMARY ***
Total pot €0.73 | Rake €0.04 
Board [Kd 4c 2c Qc 7h]
Seat 1: crmLL (button) folded before Flop (didn't bet)
Seat 2: jash1945 (small blind) folded before Flop
Seat 3: baggio422 (big blind) folded before Flop
Seat 4: idealistslp showed [Qh 8d] and won (€0.69) with a pair of Queens
Seat 5: chelius869 mucked [5c Ad]
Seat 6: Penumbrita folded before Flop (didn't bet)



PokerStars Zoom Hand #259348773980:  Hold'em No Limit (€0.02/€0.05) - 2026/01/17 16:07:17 CET [2026/01/17 10:07:17 ET]
Table 'Asterope' 6-max Seat #1 is the button
Seat 1: crmLL (€2.47 in chips) 
Seat 2: zhouweiyi888 (€5 in chips) 
Seat 3: trinityandme (€4.45 in chips) 
Seat 4: idealistslp (€6.28 in chips) 
Seat 5: 00789 (€5.09 in chips) 
Seat 6: Gregcalifornia (€4.30 in chips) 
zhouweiyi888: posts small blind €0.02
trinityandme: posts big blind €0.05
*** HOLE CARDS ***
Dealt to idealistslp [6d Kd]
idealistslp: raises €0.05 to €0.10
00789: folds 
Gregcalifornia: folds 
crmLL: folds 
zhouweiyi888: calls €0.08
trinityandme: folds 
*** FLOP *** [Qd 4c 5c]
zhouweiyi888: checks 
idealistslp: bets €0.12
zhouweiyi888: calls €0.12
*** TURN *** [Qd 4c 5c] [8h]
zhouweiyi888: checks 
idealistslp: checks 
*** RIVER *** [Qd 4c 5c 8h] [Qc]
zhouweiyi888: checks 
idealistslp: checks 
*** SHOW DOWN ***
zhouweiyi888: shows [Ah 2d] (a pair of Queens)
idealistslp: mucks hand 
zhouweiyi888 collected €0.47 from pot
*** SUMMARY ***
Total pot €0.49 | Rake €0.02 
Board [Qd 4c 5c 8h Qc]
Seat 1: crmLL (button) folded before Flop (didn't bet)
Seat 2: zhouweiyi888 (small blind) showed [Ah 2d] and won (€0.47) with a pair of Queens
Seat 3: trinityandme (big blind) folded before Flop
Seat 4: idealistslp mucked [6d Kd]
Seat 5: 00789 folded before Flop (didn't bet)
Seat 6: Gregcalifornia folded before Flop (didn't bet)



PokerStars Zoom Hand #259348783730:  Hold'em No Limit (€0.02/€0.05) - 2026/01/17 16:08:11 CET [2026/01/17 10:08:11 ET]
Table 'Asterope' 6-max Seat #1 is the button
Seat 1: JohnnyDealer05 (€5.31 in chips) 
Seat 2: franelbombazo (€5 in chips) 
Seat 3: idealistslp (€6.06 in chips) 
Seat 4: 00789 (€5.30 in chips) 
Seat 5: rafale032 (€8.65 in chips) 
Seat 6: Jorgebcn76 (€10.46 in chips) 
franelbombazo: posts small blind €0.02
idealistslp: posts big blind €0.05
*** HOLE CARDS ***
Dealt to idealistslp [Jh 3h]
00789: folds 
rafale032: folds 
Jorgebcn76: folds 
JohnnyDealer05: raises €0.10 to €0.15
franelbombazo: folds 
idealistslp: calls €0.10
*** FLOP *** [9s Ks Jd]
idealistslp: bets €0.15
JohnnyDealer05: calls €0.15
*** TURN *** [9s Ks Jd] [Ac]
idealistslp: checks 
JohnnyDealer05: bets €0.30
idealistslp: folds 
Uncalled bet (€0.30) returned to JohnnyDealer05
JohnnyDealer05 collected €0.59 from pot
JohnnyDealer05: doesn't show hand 
*** SUMMARY ***
Total pot €0.62 | Rake €0.03 
Board [9s Ks Jd Ac]
Seat 1: JohnnyDealer05 (button) collected (€0.59)
Seat 2: franelbombazo (small blind) folded before Flop
Seat 3: idealistslp (big blind) folded on the Turn
Seat 4: 00789 folded before Flop (didn't bet)
Seat 5: rafale032 folded before Flop (didn't bet)
Seat 6: Jorgebcn76 folded before Flop (didn't bet)



PokerStars Zoom Hand #259348789625:  Hold'em No Limit (€0.02/€0.05) - 2026/01/17 16:08:44 CET [2026/01/17 10:08:44 ET]
Table 'Asterope' 6-max Seat #1 is the button
Seat 1: 00789 (€5.25 in chips) 
Seat 2: idealistslp (€5.76 in chips) 
Seat 3: Gregcalifornia (€5.33 in chips) 
Seat 4: rafale032 (€8.58 in chips) 
Seat 5: nunofasousa2021 (€4.64 in chips) 
Seat 6: ZharOdin (€5 in chips) 
idealistslp: posts small blind €0.02
Gregcalifornia: posts big blind €0.05
*** HOLE CARDS ***
Dealt to idealistslp [4d Ts]
rafale032: raises €0.05 to €0.10
nunofasousa2021: folds 
ZharOdin: folds 
00789: folds 
idealistslp: folds 
Gregcalifornia: folds 
Uncalled bet (€0.05) returned to rafale032
rafale032 collected €0.12 from pot
rafale032: doesn't show hand 
*** SUMMARY ***
Total pot €0.12 | Rake €0 
Seat 1: 00789 (button) folded before Flop (didn't bet)
Seat 2: idealistslp (small blind) folded before Flop
Seat 3: Gregcalifornia (big blind) folded before Flop
Seat 4: rafale032 collected (€0.12)
Seat 5: nunofasousa2021 folded before Flop (didn't bet)
Seat 6: ZharOdin folded before Flop (didn't bet)



PokerStars Zoom Hand #259348805136:  Hold'em No Limit (€0.02/€0.05) - 2026/01/17 16:10:10 CET [2026/01/17 10:10:10 ET]
Table 'Asterope' 6-max Seat #1 is the button
Seat 1: kurekuro (€4.67 in chips) 
Seat 2: Jorgebcn76 (€10.41 in chips) 
Seat 3: 00789 (€5.42 in chips) 
Seat 4: FELIPE439 (€10.76 in chips) 
Seat 5: idealistslp (€5.74 in chips) 
Seat 6: rafale032 (€7.54 in chips) 
Jorgebcn76: posts small blind €0.02
00789: posts big blind €0.05
*** HOLE CARDS ***
Dealt to idealistslp [Th 7c]
FELIPE439: folds 
idealistslp: folds 
rafale032: folds 
kurekuro: raises €0.05 to €0.10
Jorgebcn76: folds 
00789: folds 
Uncalled bet (€0.05) returned to kurekuro
kurekuro collected €0.12 from pot
kurekuro: doesn't show hand 
*** SUMMARY ***
Total pot €0.12 | Rake €0 
Seat 1: kurekuro (button) collected (€0.12)
Seat 2: Jorgebcn76 (small blind) folded before Flop
Seat 3: 00789 (big blind) folded before Flop
Seat 4: FELIPE439 folded before Flop (didn't bet)
Seat 5: idealistslp folded before Flop (didn't bet)
Seat 6: rafale032 folded before Flop (didn't bet)



PokerStars Zoom Hand #259348806291:  Hold'em No Limit (€0.02/€0.05) - 2026/01/17 16:10:17 CET [2026/01/17 10:10:17 ET]
Table 'Asterope' 6-max Seat #1 is the button
Seat 1: FELIPE439 (€9.96 in chips) 
Seat 2: JohnnyDealer05 (€5.75 in chips) 
Seat 3: djtour59 (€2.09 in chips) 
Seat 4: rafale032 (€5.91 in chips) 
Seat 5: jgrodriguez061 (€3.81 in chips) 
Seat 6: idealistslp (€5.74 in chips) 
JohnnyDealer05: posts small blind €0.02
djtour59: posts big blind €0.05
*** HOLE CARDS ***
Dealt to idealistslp [7h Js]
rafale032: folds 
jgrodriguez061: raises €0.05 to €0.10
idealistslp: folds 
FELIPE439: folds 
JohnnyDealer05: folds 
djtour59: folds 
Uncalled bet (€0.05) returned to jgrodriguez061
jgrodriguez061 collected €0.12 from pot
jgrodriguez061: doesn't show hand 
*** SUMMARY ***
Total pot €0.12 | Rake €0 
Seat 1: FELIPE439 (button) folded before Flop (didn't bet)
Seat 2: JohnnyDealer05 (small blind) folded before Flop
Seat 3: djtour59 (big blind) folded before Flop
Seat 4: rafale032 folded before Flop (didn't bet)
Seat 5: jgrodriguez061 collected (€0.12)
Seat 6: idealistslp folded before Flop (didn't bet)



PokerStars Zoom Hand #259348809088:  Hold'em No Limit (€0.02/€0.05) - 2026/01/17 16:10:33 CET [2026/01/17 10:10:33 ET]
Table 'Asterope' 6-max Seat #1 is the button
Seat 1: VINGCOEUR1 (€4.20 in chips) 
Seat 2: idealistslp (€5.74 in chips) 
Seat 3: Moncerrate42 (€5 in chips) 
Seat 4: zhouweiyi888 (€6.02 in chips) 
Seat 5: Jorgebcn76 (€8.39 in chips) 
Seat 6: 00789 (€5.37 in chips) 
idealistslp: posts small blind €0.02
Moncerrate42: posts big blind €0.05
*** HOLE CARDS ***
Dealt to idealistslp [Jh 6h]
zhouweiyi888: folds 
Jorgebcn76: raises €0.06 to €0.11
00789: folds 
VINGCOEUR1: folds 
idealistslp: calls €0.09
Moncerrate42: calls €0.06
*** FLOP *** [9c 7c Kd]
idealistslp: checks 
Moncerrate42: checks 
Jorgebcn76: bets €0.09
idealistslp: folds 
Moncerrate42: raises €0.66 to €0.75
Jorgebcn76: folds 
Uncalled bet (€0.66) returned to Moncerrate42
Moncerrate42 collected €0.48 from pot
Moncerrate42: doesn't show hand 
*** SUMMARY ***
Total pot €0.51 | Rake €0.03 
Board [9c 7c Kd]
Seat 1: VINGCOEUR1 (button) folded before Flop (didn't bet)
Seat 2: idealistslp (small blind) folded on the Flop
Seat 3: Moncerrate42 (big blind) collected (€0.48)
Seat 4: zhouweiyi888 folded before Flop (didn't bet)
Seat 5: Jorgebcn76 folded on the Flop
Seat 6: 00789 folded before Flop (didn't bet)



PokerStars Zoom Hand #259348815063:  Hold'em No Limit (€0.02/€0.05) - 2026/01/17 16:11:07 CET [2026/01/17 10:11:07 ET]
Table 'Asterope' 6-max Seat #1 is the button
Seat 1: Bestiote (€1.79 in chips) 
Seat 2: crmLL (€9.69 in chips) 
Seat 3: idealistslp (€5.63 in chips) 
Seat 4: joan837 (€0.72 in chips) 
Seat 5: scaramouche84 (€12.01 in chips) 
Seat 6: 00789 (€5 in chips) 
crmLL: posts small blind €0.02
idealistslp: posts big blind €0.05
*** HOLE CARDS ***
Dealt to idealistslp [Jc 8s]
joan837: folds 
scaramouche84: raises €0.05 to €0.10
00789: raises €0.28 to €0.38
Bestiote: folds 
crmLL: folds 
idealistslp: folds 
scaramouche84: folds 
Uncalled bet (€0.28) returned to 00789
00789 collected €0.27 from pot
00789: doesn't show hand 
*** SUMMARY ***
Total pot €0.27 | Rake €0 
Seat 1: Bestiote (button) folded before Flop (didn't bet)
Seat 2: crmLL (small blind) folded before Flop
Seat 3: idealistslp (big blind) folded before Flop
Seat 4: joan837 folded before Flop (didn't bet)
Seat 5: scaramouche84 folded before Flop
Seat 6: 00789 collected (€0.27)



PokerStars Zoom Hand #259348807444:  Hold'em No Limit (€0.02/€0.05) - 2026/01/17 16:10:24 CET [2026/01/17 10:10:24 ET]
Table 'Asterope' 6-max Seat #1 is the button
Seat 1: more457 (€3.50 in chips) 
Seat 2: AA00717 (€1.86 in chips) 
Seat 3: rafale032 (€7.54 in chips) 
Seat 4: idealistslp (€5.74 in chips) 
Seat 5: MauDv30 (€1.63 in chips) 
Seat 6: Hofmann22 (€7.60 in chips) 
AA00717: posts small blind €0.02
rafale032: posts big blind €0.05
*** HOLE CARDS ***
Dealt to idealistslp [4c 6s]
idealistslp: folds 
MauDv30: folds 
Hofmann22: folds 
more457: raises €0.10 to €0.15
AA00717: calls €0.13
rafale032: folds 
*** FLOP *** [9h 6h 7h]
AA00717: checks 
more457: checks 
*** TURN *** [9h 6h 7h] [9s]
AA00717: bets €0.33
more457: folds 
Uncalled bet (€0.33) returned to AA00717
AA00717 collected €0.33 from pot
AA00717: doesn't show hand 
*** SUMMARY ***
Total pot €0.35 | Rake €0.02 
Board [9h 6h 7h 9s]
Seat 1: more457 (button) folded on the Turn
Seat 2: AA00717 (small blind) collected (€0.33)
Seat 3: rafale032 (big blind) folded before Flop
Seat 4: idealistslp folded before Flop (didn't bet)
Seat 5: MauDv30 folded before Flop (didn't bet)
Seat 6: Hofmann22 folded before Flop (didn't bet)



PokerStars Zoom Hand #259348819266:  Hold'em No Limit (€0.02/€0.05) - 2026/01/17 16:11:31 CET [2026/01/17 10:11:31 ET]
Table 'Asterope' 6-max Seat #1 is the button
Seat 1: idealistslp (€5.58 in chips) 
Seat 2: Pipps33 (€3.08 in chips) 
Seat 3: sarm1988 (€5.58 in chips) 
Seat 4: zhouweiyi888 (€5 in chips) 
Seat 5: 00789 (€5 in chips) 
Seat 6: rafale032 (€9.12 in chips) 
Pipps33: posts small blind €0.02
sarm1988: posts big blind €0.05
*** HOLE CARDS ***
Dealt to idealistslp [Ac 6s]
zhouweiyi888: folds 
00789: folds 
rafale032: folds 
idealistslp: raises €0.05 to €0.10
Pipps33: folds 
sarm1988: folds 
Uncalled bet (€0.05) returned to idealistslp
idealistslp collected €0.12 from pot
idealistslp: doesn't show hand 
*** SUMMARY ***
Total pot €0.12 | Rake €0 
Seat 1: idealistslp (button) collected (€0.12)
Seat 2: Pipps33 (small blind) folded before Flop
Seat 3: sarm1988 (big blind) folded before Flop
Seat 4: zhouweiyi888 folded before Flop (didn't bet)
Seat 5: 00789 folded before Flop (didn't bet)
Seat 6: rafale032 folded before Flop (didn't bet)



PokerStars Zoom Hand #259348823250:  Hold'em No Limit (€0.02/€0.05) - 2026/01/17 16:11:53 CET [2026/01/17 10:11:53 ET]
Table 'Asterope' 6-max Seat #1 is the button
Seat 1: Jorgebcn76 (€10.19 in chips) 
Seat 2: rafale032 (€5.77 in chips) 
Seat 3: scaramouche84 (€11.98 in chips) 
Seat 4: jgrodriguez061 (€4.80 in chips) 
Seat 5: pat1605 (€7.46 in chips) 
Seat 6: idealistslp (€5.65 in chips) 
rafale032: posts small blind €0.02
scaramouche84: posts big blind €0.05
*** HOLE CARDS ***
Dealt to idealistslp [5h Js]
jgrodriguez061: raises €0.05 to €0.10
pat1605: calls €0.10
idealistslp: folds 
Jorgebcn76: folds 
rafale032: folds 
scaramouche84: folds 
*** FLOP *** [Ks 7h Jc]
jgrodriguez061: checks 
pat1605: checks 
*** TURN *** [Ks 7h Jc] [Qh]
jgrodriguez061: checks 
pat1605: checks 
*** RIVER *** [Ks 7h Jc Qh] [5d]
jgrodriguez061: checks 
pat1605: checks 
*** SHOW DOWN ***
jgrodriguez061: shows [As 8c] (high card Ace)
pat1605: shows [9s 9h] (a pair of Nines)
pat1605 collected €0.26 from pot
*** SUMMARY ***
Total pot €0.27 | Rake €0.01 
Board [Ks 7h Jc Qh 5d]
Seat 1: Jorgebcn76 (button) folded before Flop (didn't bet)
Seat 2: rafale032 (small blind) folded before Flop
Seat 3: scaramouche84 (big blind) folded before Flop
Seat 4: jgrodriguez061 showed [As 8c] and lost with high card Ace
Seat 5: pat1605 showed [9s 9h] and won (€0.26) with a pair of Nines
Seat 6: idealistslp folded before Flop (didn't bet)



PokerStars Zoom Hand #259348825633:  Hold'em No Limit (€0.02/€0.05) - 2026/01/17 16:12:06 CET [2026/01/17 10:12:06 ET]
Table 'Asterope' 6-max Seat #1 is the button
Seat 1: Mr Tiñanazo (€1.84 in chips) 
Seat 2: carri2012 (€12.03 in chips) 
Seat 3: smrj1976 (€5.10 in chips) 
Seat 4: idealistslp (€5.65 in chips) 
Seat 5: kurekuro (€5.96 in chips) 
Seat 6: Cidzor (€3.03 in chips) 
carri2012: posts small blind €0.02
smrj1976: posts big blind €0.05
*** HOLE CARDS ***
Dealt to idealistslp [7c 2c]
idealistslp: folds 
kurekuro: folds 
Cidzor: folds 
Mr Tiñanazo: calls €0.05
carri2012: raises €0.15 to €0.20
smrj1976: folds 
Mr Tiñanazo: folds 
Uncalled bet (€0.15) returned to carri2012
carri2012 collected €0.15 from pot
carri2012: doesn't show hand 
*** SUMMARY ***
Total pot €0.15 | Rake €0 
Seat 1: Mr Tiñanazo (button) folded before Flop
Seat 2: carri2012 (small blind) collected (€0.15)
Seat 3: smrj1976 (big blind) folded before Flop
Seat 4: idealistslp folded before Flop (didn't bet)
Seat 5: kurekuro folded before Flop (didn't bet)
Seat 6: Cidzor folded before Flop (didn't bet)



PokerStars Zoom Hand #259348826695:  Hold'em No Limit (€0.02/€0.05) - 2026/01/17 16:12:12 CET [2026/01/17 10:12:12 ET]
Table 'Asterope' 6-max Seat #1 is the button
Seat 1: cumoni (€3 in chips) 
Seat 2: adricrack970 (€5 in chips) 
Seat 3: idealistslp (€5.65 in chips) 
Seat 4: adfm75 (€4.44 in chips) 
Seat 5: Jorgebcn76 (€10.19 in chips) 
Seat 6: FELIPE439 (€1.73 in chips) 
adricrack970: posts small blind €0.02
idealistslp: posts big blind €0.05
*** HOLE CARDS ***
Dealt to idealistslp [8h 7c]
adfm75: folds 
Jorgebcn76: folds 
FELIPE439: folds 
cumoni: folds 
adricrack970: folds 
Uncalled bet (€0.03) returned to idealistslp
idealistslp collected €0.04 from pot
idealistslp: doesn't show hand 
*** SUMMARY ***
Total pot €0.04 | Rake €0 
Seat 1: cumoni (button) folded before Flop (didn't bet)
Seat 2: adricrack970 (small blind) folded before Flop
Seat 3: idealistslp (big blind) collected (€0.04)
Seat 4: adfm75 folded before Flop (didn't bet)
Seat 5: Jorgebcn76 folded before Flop (didn't bet)
Seat 6: FELIPE439 folded before Flop (didn't bet)



PokerStars Zoom Hand #259348829045:  Hold'em No Limit (€0.02/€0.05) - 2026/01/17 16:12:26 CET [2026/01/17 10:12:26 ET]
Table 'Asterope' 6-max Seat #1 is the button
Seat 1: 00789 (€9.37 in chips) 
Seat 2: ricarduche (€6.57 in chips) 
Seat 3: Bestiote (€1.97 in chips) 
Seat 4: leobcn9 (€5.42 in chips) 
Seat 5: idealistslp (€5.67 in chips) 
Seat 6: Moncerrate42 (€5 in chips) 
ricarduche: posts small blind €0.02
Bestiote: posts big blind €0.05
*** HOLE CARDS ***
Dealt to idealistslp [2c Tc]
leobcn9: folds 
idealistslp: folds 
Moncerrate42: folds 
00789: folds 
ricarduche: folds 
Uncalled bet (€0.03) returned to Bestiote
Bestiote collected €0.04 from pot
Bestiote: doesn't show hand 
*** SUMMARY ***
Total pot €0.04 | Rake €0 
Seat 1: 00789 (button) folded before Flop (didn't bet)
Seat 2: ricarduche (small blind) folded before Flop
Seat 3: Bestiote (big blind) collected (€0.04)
Seat 4: leobcn9 folded before Flop (didn't bet)
Seat 5: idealistslp folded before Flop (didn't bet)
Seat 6: Moncerrate42 folded before Flop (didn't bet)



PokerStars Zoom Hand #259348830570:  Hold'em No Limit (€0.02/€0.05) - 2026/01/17 16:12:34 CET [2026/01/17 10:12:34 ET]
Table 'Asterope' 6-max Seat #1 is the button
Seat 1: FELIPE439 (€10.64 in chips) 
Seat 2: zhouweiyi888 (€5 in chips) 
Seat 3: calvinklein32 (€2.78 in chips) 
Seat 4: priam83 (€4.76 in chips) 
Seat 5: idealistslp (€5.65 in chips) 
Seat 6: juanjdt (€7.02 in chips) 
zhouweiyi888: posts small blind €0.02
calvinklein32: posts big blind €0.05
*** HOLE CARDS ***
Dealt to idealistslp [3c 2c]
priam83: raises €0.10 to €0.15
idealistslp: folds 
juanjdt: folds 
FELIPE439: folds 
zhouweiyi888: folds 
calvinklein32: folds 
Uncalled bet (€0.10) returned to priam83
priam83 collected €0.12 from pot
priam83: doesn't show hand 
*** SUMMARY ***
Total pot €0.12 | Rake €0 
Seat 1: FELIPE439 (button) folded before Flop (didn't bet)
Seat 2: zhouweiyi888 (small blind) folded before Flop
Seat 3: calvinklein32 (big blind) folded before Flop
Seat 4: priam83 collected (€0.12)
Seat 5: idealistslp folded before Flop (didn't bet)
Seat 6: juanjdt folded before Flop (didn't bet)



PokerStars Zoom Hand #259348831428:  Hold'em No Limit (€0.02/€0.05) - 2026/01/17 16:12:39 CET [2026/01/17 10:12:39 ET]
Table 'Asterope' 6-max Seat #1 is the button
Seat 1: idealistslp (€5.65 in chips) 
Seat 2: trinityandme (€3.96 in chips) 
Seat 3: baggio422 (€3.10 in chips) 
Seat 4: Dil3ma (€3.21 in chips) 
Seat 5: Tiagofpsousa (€4.24 in chips) 
Seat 6: Moncerrate42 (€9.20 in chips) 
trinityandme: posts small blind €0.02
baggio422: posts big blind €0.05
*** HOLE CARDS ***
Dealt to idealistslp [Th 4h]
Dil3ma: folds 
Tiagofpsousa: folds 
Moncerrate42: folds 
idealistslp: folds 
trinityandme: folds 
Uncalled bet (€0.03) returned to baggio422
baggio422 collected €0.04 from pot
baggio422: doesn't show hand 
*** SUMMARY ***
Total pot €0.04 | Rake €0 
Seat 1: idealistslp (button) folded before Flop (didn't bet)
Seat 2: trinityandme (small blind) folded before Flop
Seat 3: baggio422 (big blind) collected (€0.04)
Seat 4: Dil3ma folded before Flop (didn't bet)
Seat 5: Tiagofpsousa folded before Flop (didn't bet)
Seat 6: Moncerrate42 folded before Flop (didn't bet)



PokerStars Zoom Hand #259348829777:  Hold'em No Limit (€0.02/€0.05) - 2026/01/17 16:12:30 CET [2026/01/17 10:12:30 ET]
Table 'Asterope' 6-max Seat #1 is the button
Seat 1: more457 (€3.28 in chips) 
Seat 2: idealistslp (€5.67 in chips) 
Seat 3: beertornado (€8.48 in chips) 
Seat 4: dud40 (€4.22 in chips) 
Seat 5: 00789 (€5.22 in chips) 
Seat 6: carri2012 (€12.13 in chips) 
idealistslp: posts small blind €0.02
beertornado: posts big blind €0.05
*** HOLE CARDS ***
Dealt to idealistslp [4c Th]
dud40: folds 
00789: folds 
carri2012: raises €0.05 to €0.10
more457: calls €0.10
idealistslp: folds 
beertornado: calls €0.05
*** FLOP *** [8h 3c Ks]
beertornado: checks 
carri2012: checks 
more457: checks 
*** TURN *** [8h 3c Ks] [8c]
beertornado: checks 
carri2012: bets €0.10
more457: calls €0.10
beertornado: calls €0.10
*** RIVER *** [8h 3c Ks 8c] [4s]
beertornado: checks 
carri2012: bets €0.30
more457: folds 
beertornado: folds 
Uncalled bet (€0.30) returned to carri2012
carri2012 collected €0.59 from pot
carri2012: doesn't show hand 
*** SUMMARY ***
Total pot €0.62 | Rake €0.03 
Board [8h 3c Ks 8c 4s]
Seat 1: more457 (button) folded on the River
Seat 2: idealistslp (small blind) folded before Flop
Seat 3: beertornado (big blind) folded on the River
Seat 4: dud40 folded before Flop (didn't bet)
Seat 5: 00789 folded before Flop (didn't bet)
Seat 6: carri2012 collected (€0.59)



PokerStars Zoom Hand #259348832168:  Hold'em No Limit (€0.02/€0.05) - 2026/01/17 16:12:44 CET [2026/01/17 10:12:44 ET]
Table 'Asterope' 6-max Seat #1 is the button
Seat 1: juanjdt (€7.02 in chips) 
Seat 2: Joibni (€8.83 in chips) 
Seat 3: Jorgebcn76 (€9.01 in chips) 
Seat 4: rafale032 (€5.82 in chips) 
Seat 5: SlymJx (€15.94 in chips) 
Seat 6: idealistslp (€5.65 in chips) 
Joibni: posts small blind €0.02
Jorgebcn76: posts big blind €0.05
*** HOLE CARDS ***
Dealt to idealistslp [8c Qh]
rafale032: folds 
SlymJx: folds 
idealistslp: raises €0.05 to €0.10
juanjdt: calls €0.10
Joibni: calls €0.08
Jorgebcn76: folds 
*** FLOP *** [8h Ks 9c]
Joibni: checks 
idealistslp: bets €0.17
juanjdt: calls €0.17
Joibni: folds 
*** TURN *** [8h Ks 9c] [Tc]
idealistslp: bets €0.33
juanjdt: calls €0.33
*** RIVER *** [8h Ks 9c Tc] [7s]
idealistslp: checks 
juanjdt: bets €1.38
idealistslp: folds 
Uncalled bet (€1.38) returned to juanjdt
juanjdt collected €1.28 from pot
juanjdt: doesn't show hand 
*** SUMMARY ***
Total pot €1.35 | Rake €0.07 
Board [8h Ks 9c Tc 7s]
Seat 1: juanjdt (button) collected (€1.28)
Seat 2: Joibni (small blind) folded on the Flop
Seat 3: Jorgebcn76 (big blind) folded before Flop
Seat 4: rafale032 folded before Flop (didn't bet)
Seat 5: SlymJx folded before Flop (didn't bet)
Seat 6: idealistslp folded on the River



PokerStars Zoom Hand #259348843752:  Hold'em No Limit (€0.02/€0.05) - 2026/01/17 16:13:49 CET [2026/01/17 10:13:49 ET]
Table 'Asterope' 6-max Seat #1 is the button
Seat 1: Bestiote (€1.82 in chips) 
Seat 2: MassasMassas (€3.85 in chips) 
Seat 3: idealistslp (€5.05 in chips) 
Seat 4: felgas1968 (€6.17 in chips) 
Seat 5: SlymJx (€16.01 in chips) 
Seat 6: geovannyhanna (€9.59 in chips) 
MassasMassas: posts small blind €0.02
idealistslp: posts big blind €0.05
*** HOLE CARDS ***
Dealt to idealistslp [2h Qc]
felgas1968: raises €0.10 to €0.15
SlymJx: folds 
geovannyhanna: folds 
Bestiote: folds 
MassasMassas: folds 
idealistslp: folds 
Uncalled bet (€0.10) returned to felgas1968
felgas1968 collected €0.12 from pot
felgas1968: doesn't show hand 
*** SUMMARY ***
Total pot €0.12 | Rake €0 
Seat 1: Bestiote (button) folded before Flop (didn't bet)
Seat 2: MassasMassas (small blind) folded before Flop
Seat 3: idealistslp (big blind) folded before Flop
Seat 4: felgas1968 collected (€0.12)
Seat 5: SlymJx folded before Flop (didn't bet)
Seat 6: geovannyhanna folded before Flop (didn't bet)



PokerStars Zoom Hand #259348842592:  Hold'em No Limit (€0.02/€0.05) - 2026/01/17 16:13:42 CET [2026/01/17 10:13:42 ET]
Table 'Asterope' 6-max Seat #1 is the button
Seat 1: brutus el nuevo (€7.70 in chips) 
Seat 2: rafale032 (€5.70 in chips) 
Seat 3: Cacartiflette01 (€6.74 in chips) 
Seat 4: beertornado (€8.26 in chips) 
Seat 5: idealistslp (€5.05 in chips) 
Seat 6: cumoni (€3.05 in chips) 
rafale032: posts small blind €0.02
Cacartiflette01: posts big blind €0.05
*** HOLE CARDS ***
Dealt to idealistslp [5s Jd]
beertornado: folds 
idealistslp: folds 
cumoni: raises €0.12 to €0.17
brutus el nuevo: raises €0.41 to €0.58
rafale032: folds 
Cacartiflette01: folds 
cumoni: calls €0.41
*** FLOP *** [As 5d Qd]
cumoni: checks 
brutus el nuevo: bets €0.59
cumoni: calls €0.59
*** TURN *** [As 5d Qd] [2h]
cumoni: checks 
brutus el nuevo: bets €1.90
cumoni: calls €1.88 and is all-in
Uncalled bet (€0.02) returned to brutus el nuevo
*** RIVER *** [As 5d Qd 2h] [6s]
*** SHOW DOWN ***
cumoni: shows [Ad Th] (a pair of Aces)
brutus el nuevo: shows [Qh Qc] (three of a kind, Queens)
brutus el nuevo collected €5.86 from pot
*** SUMMARY ***
Total pot €6.17 | Rake €0.31 
Board [As 5d Qd 2h 6s]
Seat 1: brutus el nuevo (button) showed [Qh Qc] and won (€5.86) with three of a kind, Queens
Seat 2: rafale032 (small blind) folded before Flop
Seat 3: Cacartiflette01 (big blind) folded before Flop
Seat 4: beertornado folded before Flop (didn't bet)
Seat 5: idealistslp folded before Flop (didn't bet)
Seat 6: cumoni showed [Ad Th] and lost with a pair of Aces



PokerStars Zoom Hand #259348846040:  Hold'em No Limit (€0.02/€0.05) - 2026/01/17 16:14:02 CET [2026/01/17 10:14:02 ET]
Table 'Asterope' 6-max Seat #1 is the button
Seat 1: Pipps33 (€3.04 in chips) 
Seat 2: STEAKssss (€5.17 in chips) 
Seat 3: Jorgebcn76 (€7.31 in chips) 
Seat 4: idealistslp (€5 in chips) 
Seat 5: AA00717 (€2.11 in chips) 
Seat 6: rafale032 (€8.58 in chips) 
STEAKssss: posts small blind €0.02
Jorgebcn76: posts big blind €0.05
*** HOLE CARDS ***
Dealt to idealistslp [6s 6h]
idealistslp: raises €0.05 to €0.10
AA00717 has timed out
AA00717: folds 
rafale032: folds 
Pipps33: folds 
STEAKssss: folds 
Jorgebcn76: raises €0.33 to €0.43
idealistslp: raises €0.33 to €0.76
Jorgebcn76: calls €0.33
*** FLOP *** [5s 8s Jh]
Jorgebcn76: checks 
idealistslp: bets €1.46
Jorgebcn76: folds 
Uncalled bet (€1.46) returned to idealistslp
idealistslp collected €1.46 from pot
idealistslp: doesn't show hand 
*** SUMMARY ***
Total pot €1.54 | Rake €0.08 
Board [5s 8s Jh]
Seat 1: Pipps33 (button) folded before Flop (didn't bet)
Seat 2: STEAKssss (small blind) folded before Flop
Seat 3: Jorgebcn76 (big blind) folded on the Flop
Seat 4: idealistslp collected (€1.46)
Seat 5: AA00717 folded before Flop (didn't bet)
Seat 6: rafale032 folded before Flop (didn't bet)



PokerStars Zoom Hand #259348858674:  Hold'em No Limit (€0.02/€0.05) - 2026/01/17 16:15:13 CET [2026/01/17 10:15:13 ET]
Table 'Asterope' 6-max Seat #1 is the button
Seat 1: safelifetop (€5 in chips) 
Seat 2: idealistslp (€5.70 in chips) 
Seat 3: priam83 (€4.20 in chips) 
Seat 4: flaviopsc (€6.05 in chips) 
Seat 5: Bestiote (€1.63 in chips) 
Seat 6: smrj1976 (€5 in chips) 
idealistslp: posts small blind €0.02
priam83: posts big blind €0.05
*** HOLE CARDS ***
Dealt to idealistslp [7h 7c]
flaviopsc: folds 
Bestiote: folds 
smrj1976: folds 
safelifetop: folds 
idealistslp: raises €0.05 to €0.10
priam83: folds 
Uncalled bet (€0.05) returned to idealistslp
idealistslp collected €0.10 from pot
idealistslp: doesn't show hand 
*** SUMMARY ***
Total pot €0.10 | Rake €0 
Seat 1: safelifetop (button) folded before Flop (didn't bet)
Seat 2: idealistslp (small blind) collected (€0.10)
Seat 3: priam83 (big blind) folded before Flop
Seat 4: flaviopsc folded before Flop (didn't bet)
Seat 5: Bestiote folded before Flop (didn't bet)
Seat 6: smrj1976 folded before Flop (didn't bet)



PokerStars Zoom Hand #259348862017:  Hold'em No Limit (€0.02/€0.05) - 2026/01/17 16:15:31 CET [2026/01/17 10:15:31 ET]
Table 'Asterope' 6-max Seat #1 is the button
Seat 1: idealistslp (€5.75 in chips) 
Seat 2: alvarogda26 (€2.18 in chips) 
Seat 3: sarm1988 (€11.89 in chips) 
Seat 4: nunofasousa2021 (€4.68 in chips) 
Seat 5: FELIPE439 (€1.82 in chips) 
Seat 6: cumoni (€3.10 in chips) 
alvarogda26: posts small blind €0.02
sarm1988: posts big blind €0.05
*** HOLE CARDS ***
Dealt to idealistslp [Js 7c]
nunofasousa2021: raises €0.05 to €0.10
FELIPE439: folds 
cumoni: calls €0.10
idealistslp: calls €0.10
alvarogda26: calls €0.08
sarm1988: folds 
*** FLOP *** [6c 4c 8d]
alvarogda26: checks 
nunofasousa2021: checks 
cumoni: checks 
idealistslp: checks 
*** TURN *** [6c 4c 8d] [9c]
alvarogda26: checks 
nunofasousa2021: checks 
cumoni: checks 
idealistslp: checks 
*** RIVER *** [6c 4c 8d 9c] [Ah]
alvarogda26: checks 
nunofasousa2021: bets €0.05
cumoni: calls €0.05
idealistslp: folds 
alvarogda26: folds 
*** SHOW DOWN ***
nunofasousa2021: shows [Tc Ad] (a pair of Aces)
cumoni: shows [Td As] (a pair of Aces)
nunofasousa2021 collected €0.26 from pot
cumoni collected €0.26 from pot
*** SUMMARY ***
Total pot €0.55 | Rake €0.03 
Board [6c 4c 8d 9c Ah]
Seat 1: idealistslp (button) folded on the River
Seat 2: alvarogda26 (small blind) folded on the River
Seat 3: sarm1988 (big blind) folded before Flop
Seat 4: nunofasousa2021 showed [Tc Ad] and won (€0.26) with a pair of Aces
Seat 5: FELIPE439 folded before Flop (didn't bet)
Seat 6: cumoni showed [Td As] and won (€0.26) with a pair of Aces



PokerStars Zoom Hand #259348868949:  Hold'em No Limit (€0.02/€0.05) - 2026/01/17 16:16:08 CET [2026/01/17 10:16:08 ET]
Table 'Asterope' 6-max Seat #1 is the button
Seat 1: rafale032 (€8.49 in chips) 
Seat 2: AA00717 (€2.41 in chips) 
Seat 3: zhouweiyi888 (€5.38 in chips) 
Seat 4: chelius869 (€5.06 in chips) 
Seat 5: 00789 (€9 in chips) 
Seat 6: idealistslp (€5.65 in chips) 
AA00717: posts small blind €0.02
zhouweiyi888: posts big blind €0.05
*** HOLE CARDS ***
Dealt to idealistslp [7s 4h]
chelius869: folds 
00789: folds 
idealistslp: folds 
rafale032: folds 
AA00717 has timed out
AA00717: folds 
Uncalled bet (€0.03) returned to zhouweiyi888
zhouweiyi888 collected €0.04 from pot
zhouweiyi888: doesn't show hand 
*** SUMMARY ***
Total pot €0.04 | Rake €0 
Seat 1: rafale032 (button) folded before Flop (didn't bet)
Seat 2: AA00717 (small blind) folded before Flop
Seat 3: zhouweiyi888 (big blind) collected (€0.04)
Seat 4: chelius869 folded before Flop (didn't bet)
Seat 5: 00789 folded before Flop (didn't bet)
Seat 6: idealistslp folded before Flop (didn't bet)



PokerStars Zoom Hand #259348871012:  Hold'em No Limit (€0.02/€0.05) - 2026/01/17 16:16:19 CET [2026/01/17 10:16:19 ET]
Table 'Asterope' 6-max Seat #1 is the button
Seat 1: lobitillo (€4.74 in chips) 
Seat 2: idealistslp (€5.65 in chips) 
Seat 3: chiinche (€5.17 in chips) 
Seat 4: joan837 (€3.15 in chips) 
Seat 5: jgrodriguez061 (€6.24 in chips) 
Seat 6: rafale032 (€7.32 in chips) 
idealistslp: posts small blind €0.02
chiinche: posts big blind €0.05
*** HOLE CARDS ***
Dealt to idealistslp [4d 3c]
joan837: folds 
jgrodriguez061: folds 
rafale032: folds 
lobitillo: folds 
idealistslp: folds 
Uncalled bet (€0.03) returned to chiinche
chiinche collected €0.04 from pot
chiinche: doesn't show hand 
*** SUMMARY ***
Total pot €0.04 | Rake €0 
Seat 1: lobitillo (button) folded before Flop (didn't bet)
Seat 2: idealistslp (small blind) folded before Flop
Seat 3: chiinche (big blind) collected (€0.04)
Seat 4: joan837 folded before Flop (didn't bet)
Seat 5: jgrodriguez061 folded before Flop (didn't bet)
Seat 6: rafale032 folded before Flop (didn't bet)



PokerStars Zoom Hand #259348870416:  Hold'em No Limit (€0.02/€0.05) - 2026/01/17 16:16:16 CET [2026/01/17 10:16:16 ET]
Table 'Asterope' 6-max Seat #1 is the button
Seat 1: cumoni (€3.21 in chips) 
Seat 2: more457 (€2.66 in chips) 
Seat 3: Hofmann22 (€8.53 in chips) 
Seat 4: idealistslp (€5.65 in chips) 
Seat 5: Dil3ma (€3.28 in chips) 
Seat 6: kurekuro (€6.56 in chips) 
more457: posts small blind €0.02
Hofmann22: posts big blind €0.05
*** HOLE CARDS ***
Dealt to idealistslp [3h 8c]
idealistslp: folds 
Dil3ma: raises €0.05 to €0.10
kurekuro: folds 
cumoni: folds 
more457: folds 
Hofmann22: folds 
Uncalled bet (€0.05) returned to Dil3ma
Dil3ma collected €0.12 from pot
Dil3ma: doesn't show hand 
*** SUMMARY ***
Total pot €0.12 | Rake €0 
Seat 1: cumoni (button) folded before Flop (didn't bet)
Seat 2: more457 (small blind) folded before Flop
Seat 3: Hofmann22 (big blind) folded before Flop
Seat 4: idealistslp folded before Flop (didn't bet)
Seat 5: Dil3ma collected (€0.12)
Seat 6: kurekuro folded before Flop (didn't bet)



PokerStars Zoom Hand #259348869674:  Hold'em No Limit (€0.02/€0.05) - 2026/01/17 16:16:12 CET [2026/01/17 10:16:12 ET]
Table 'Asterope' 6-max Seat #1 is the button
Seat 1: priam83 (€4.08 in chips) 
Seat 2: rafale032 (€7.34 in chips) 
Seat 3: alvarogda26 (€2.08 in chips) 
Seat 4: idealistslp (€5.65 in chips) 
Seat 5: baggio422 (€3.21 in chips) 
Seat 6: calvinklein32 (€1.87 in chips) 
rafale032: posts small blind €0.02
alvarogda26: posts big blind €0.05
*** HOLE CARDS ***
Dealt to idealistslp [Tc 5d]
idealistslp: folds 
baggio422: folds 
calvinklein32: calls €0.05
priam83: folds 
rafale032: folds 
alvarogda26: checks 
*** FLOP *** [5s 6d Qh]
alvarogda26: bets €0.05
calvinklein32: folds 
Uncalled bet (€0.05) returned to alvarogda26
alvarogda26 collected €0.11 from pot
alvarogda26: doesn't show hand 
*** SUMMARY ***
Total pot €0.12 | Rake €0.01 
Board [5s 6d Qh]
Seat 1: priam83 (button) folded before Flop (didn't bet)
Seat 2: rafale032 (small blind) folded before Flop
Seat 3: alvarogda26 (big blind) collected (€0.11)
Seat 4: idealistslp folded before Flop (didn't bet)
Seat 5: baggio422 folded before Flop (didn't bet)
Seat 6: calvinklein32 folded on the Flop



PokerStars Zoom Hand #259348871862:  Hold'em No Limit (€0.02/€0.05) - 2026/01/17 16:16:24 CET [2026/01/17 10:16:24 ET]
Table 'Asterope' 6-max Seat #1 is the button
Seat 1: kurekuro (€6.56 in chips) 
Seat 2: ricarduche (€8.66 in chips) 
Seat 3: idealistslp (€5.63 in chips) 
Seat 4: cumoni (€3.21 in chips) 
Seat 5: jockosssssss (€5.08 in chips) 
Seat 6: rafale032 (€6.32 in chips) 
ricarduche: posts small blind €0.02
idealistslp: posts big blind €0.05
*** HOLE CARDS ***
Dealt to idealistslp [Kh Jc]
cumoni: calls €0.05
jockosssssss: calls €0.05
rafale032: folds 
kurekuro: raises €0.10 to €0.15
ricarduche: folds 
idealistslp: calls €0.10
cumoni: calls €0.10
jockosssssss: calls €0.10
*** FLOP *** [4s 8c 6d]
idealistslp: checks 
cumoni: checks 
jockosssssss: checks 
kurekuro: bets €0.19
idealistslp: folds 
cumoni: folds 
jockosssssss: folds 
Uncalled bet (€0.19) returned to kurekuro
kurekuro collected €0.59 from pot
kurekuro: doesn't show hand 
*** SUMMARY ***
Total pot €0.62 | Rake €0.03 
Board [4s 8c 6d]
Seat 1: kurekuro (button) collected (€0.59)
Seat 2: ricarduche (small blind) folded before Flop
Seat 3: idealistslp (big blind) folded on the Flop
Seat 4: cumoni folded on the Flop
Seat 5: jockosssssss folded on the Flop
Seat 6: rafale032 folded before Flop (didn't bet)



PokerStars Zoom Hand #259348879601:  Hold'em No Limit (€0.02/€0.05) - 2026/01/17 16:17:06 CET [2026/01/17 10:17:06 ET]
Table 'Asterope' 6-max Seat #1 is the button
Seat 1: idealistslp (€5.48 in chips) 
Seat 2: AlfaceMilho (€3.47 in chips) 
Seat 3: MacaEA2125 (€7.70 in chips) 
Seat 4: Elseparatio (€1.71 in chips) 
Seat 5: lobitillo (€4.77 in chips) 
Seat 6: vicen7010 (€1.75 in chips) 
AlfaceMilho: posts small blind €0.02
MacaEA2125: posts big blind €0.05
*** HOLE CARDS ***
Dealt to idealistslp [6h 6c]
Elseparatio: folds 
lobitillo: folds 
vicen7010: folds 
idealistslp: raises €0.05 to €0.10
AlfaceMilho: folds 
MacaEA2125: calls €0.05
*** FLOP *** [Ad Js 5d]
MacaEA2125: checks 
idealistslp: bets €0.11
MacaEA2125: calls €0.11
*** TURN *** [Ad Js 5d] [9s]
MacaEA2125: checks 
idealistslp: checks 
*** RIVER *** [Ad Js 5d 9s] [Qc]
MacaEA2125: bets €0.21
idealistslp: folds 
Uncalled bet (€0.21) returned to MacaEA2125
MacaEA2125 collected €0.42 from pot
MacaEA2125: doesn't show hand 
*** SUMMARY ***
Total pot €0.44 | Rake €0.02 
Board [Ad Js 5d 9s Qc]
Seat 1: idealistslp (button) folded on the River
Seat 2: AlfaceMilho (small blind) folded before Flop
Seat 3: MacaEA2125 (big blind) collected (€0.42)
Seat 4: Elseparatio folded before Flop (didn't bet)
Seat 5: lobitillo folded before Flop (didn't bet)
Seat 6: vicen7010 folded before Flop (didn't bet)



PokerStars Zoom Hand #259348886519:  Hold'em No Limit (€0.02/€0.05) - 2026/01/17 16:17:43 CET [2026/01/17 10:17:43 ET]
Table 'Asterope' 6-max Seat #1 is the button
Seat 1: leobcn9 (€8.74 in chips) 
Seat 2: 00789 (€5.11 in chips) 
Seat 3: rafale032 (€6.30 in chips) 
Seat 4: safelifetop (€5 in chips) 
Seat 5: idealistslp (€5.27 in chips) 
Seat 6: olijmandrea (€9 in chips) 
00789: posts small blind €0.02
rafale032: posts big blind €0.05
*** HOLE CARDS ***
Dealt to idealistslp [3s Kd]
safelifetop: folds 
idealistslp: folds 
olijmandrea: folds 
leobcn9: folds 
00789: raises €0.10 to €0.15
rafale032: folds 
Uncalled bet (€0.10) returned to 00789
00789 collected €0.10 from pot
00789: doesn't show hand 
*** SUMMARY ***
Total pot €0.10 | Rake €0 
Seat 1: leobcn9 (button) folded before Flop (didn't bet)
Seat 2: 00789 (small blind) collected (€0.10)
Seat 3: rafale032 (big blind) folded before Flop
Seat 4: safelifetop folded before Flop (didn't bet)
Seat 5: idealistslp folded before Flop (didn't bet)
Seat 6: olijmandrea folded before Flop (didn't bet)



PokerStars Zoom Hand #259348885766:  Hold'em No Limit (€0.02/€0.05) - 2026/01/17 16:17:39 CET [2026/01/17 10:17:39 ET]
Table 'Asterope' 6-max Seat #1 is the button
Seat 1: olijmandrea (€9 in chips) 
Seat 2: rafale032 (€6.32 in chips) 
Seat 3: joan837 (€3.08 in chips) 
Seat 4: Dil3ma (€3.90 in chips) 
Seat 5: rockurhead1 (€3.61 in chips) 
Seat 6: idealistslp (€5.27 in chips) 
rafale032: posts small blind €0.02
joan837: posts big blind €0.05
*** HOLE CARDS ***
Dealt to idealistslp [Td 7s]
Dil3ma: raises €0.05 to €0.10
rockurhead1: folds 
idealistslp: folds 
olijmandrea: folds 
rafale032: folds 
joan837: calls €0.05
*** FLOP *** [2s 4d 4c]
joan837: checks 
Dil3ma: bets €0.11
joan837: folds 
Uncalled bet (€0.11) returned to Dil3ma
Dil3ma collected €0.21 from pot
Dil3ma: doesn't show hand 
*** SUMMARY ***
Total pot €0.22 | Rake €0.01 
Board [2s 4d 4c]
Seat 1: olijmandrea (button) folded before Flop (didn't bet)
Seat 2: rafale032 (small blind) folded before Flop
Seat 3: joan837 (big blind) folded on the Flop
Seat 4: Dil3ma collected (€0.21)
Seat 5: rockurhead1 folded before Flop (didn't bet)
Seat 6: idealistslp folded before Flop (didn't bet)



PokerStars Zoom Hand #259348887248:  Hold'em No Limit (€0.02/€0.05) - 2026/01/17 16:17:47 CET [2026/01/17 10:17:47 ET]
Table 'Asterope' 6-max Seat #1 is the button
Seat 1: sarm1988 (€12.65 in chips) 
Seat 2: idealistslp (€5.27 in chips) 
Seat 3: Jorgebcn76 (€8.72 in chips) 
Seat 4: alexisabrantes1 (€2.06 in chips) 
Seat 5: olijmandrea (€9 in chips) 
Seat 6: zhouweiyi888 (€5.10 in chips) 
idealistslp: posts small blind €0.02
Jorgebcn76: posts big blind €0.05
*** HOLE CARDS ***
Dealt to idealistslp [7c Qc]
alexisabrantes1: folds 
olijmandrea: folds 
zhouweiyi888: folds 
sarm1988: folds 
idealistslp: calls €0.03
Jorgebcn76: checks 
*** FLOP *** [6d 3s 9d]
idealistslp: checks 
Jorgebcn76: checks 
*** TURN *** [6d 3s 9d] [9h]
idealistslp: checks 
Jorgebcn76: checks 
*** RIVER *** [6d 3s 9d 9h] [Js]
idealistslp: checks 
Jorgebcn76: bets €0.07
idealistslp: folds 
Uncalled bet (€0.07) returned to Jorgebcn76
Jorgebcn76 collected €0.10 from pot
Jorgebcn76: doesn't show hand 
*** SUMMARY ***
Total pot €0.10 | Rake €0 
Board [6d 3s 9d 9h Js]
Seat 1: sarm1988 (button) folded before Flop (didn't bet)
Seat 2: idealistslp (small blind) folded on the River
Seat 3: Jorgebcn76 (big blind) collected (€0.10)
Seat 4: alexisabrantes1 folded before Flop (didn't bet)
Seat 5: olijmandrea folded before Flop (didn't bet)
Seat 6: zhouweiyi888 folded before Flop (didn't bet)



PokerStars Zoom Hand #259348894334:  Hold'em No Limit (€0.02/€0.05) - 2026/01/17 16:18:24 CET [2026/01/17 10:18:24 ET]
Table 'Asterope' 6-max Seat #1 is the button
Seat 1: idealistslp (€5.22 in chips) 
Seat 2: Cacartiflette01 (€7.56 in chips) 
Seat 3: tiburcio pack (€2 in chips) 
Seat 4: jgrodriguez061 (€5.74 in chips) 
Seat 5: scaramouche84 (€13.15 in chips) 
Seat 6: MacaEA2125 (€7.76 in chips) 
Cacartiflette01: posts small blind €0.02
tiburcio pack: posts big blind €0.05
*** HOLE CARDS ***
Dealt to idealistslp [Kd 2h]
jgrodriguez061: folds 
scaramouche84: folds 
MacaEA2125: folds 
idealistslp: raises €0.05 to €0.10
Cacartiflette01: folds 
tiburcio pack: calls €0.05
*** FLOP *** [Tc 4c Ah]
tiburcio pack: checks 
idealistslp: bets €0.11
tiburcio pack: calls €0.11
*** TURN *** [Tc 4c Ah] [3d]
tiburcio pack: checks 
idealistslp: checks 
*** RIVER *** [Tc 4c Ah 3d] [Jh]
tiburcio pack: bets €0.05
idealistslp: folds 
Uncalled bet (€0.05) returned to tiburcio pack
tiburcio pack collected €0.42 from pot
tiburcio pack: doesn't show hand 
*** SUMMARY ***
Total pot €0.44 | Rake €0.02 
Board [Tc 4c Ah 3d Jh]
Seat 1: idealistslp (button) folded on the River
Seat 2: Cacartiflette01 (small blind) folded before Flop
Seat 3: tiburcio pack (big blind) collected (€0.42)
Seat 4: jgrodriguez061 folded before Flop (didn't bet)
Seat 5: scaramouche84 folded before Flop (didn't bet)
Seat 6: MacaEA2125 folded before Flop (didn't bet)



PokerStars Zoom Hand #259348901905:  Hold'em No Limit (€0.02/€0.05) - 2026/01/17 16:19:05 CET [2026/01/17 10:19:05 ET]
Table 'Asterope' 6-max Seat #1 is the button
Seat 1: flaviopsc (€2.78 in chips) 
Seat 2: rascavieja (€1.85 in chips) 
Seat 3: idealistslp (€5.01 in chips) 
Seat 4: adricrack970 (€5.07 in chips) 
Seat 5: trumoan (€2.29 in chips) 
Seat 6: LAMERIC64 (€6.35 in chips) 
rascavieja: posts small blind €0.02
idealistslp: posts big blind €0.05
*** HOLE CARDS ***
Dealt to idealistslp [9s 4c]
adricrack970: raises €0.10 to €0.15
trumoan: folds 
LAMERIC64: folds 
flaviopsc: folds 
rascavieja: folds 
idealistslp: folds 
Uncalled bet (€0.10) returned to adricrack970
adricrack970 collected €0.12 from pot
adricrack970: doesn't show hand 
*** SUMMARY ***
Total pot €0.12 | Rake €0 
Seat 1: flaviopsc (button) folded before Flop (didn't bet)
Seat 2: rascavieja (small blind) folded before Flop
Seat 3: idealistslp (big blind) folded before Flop
Seat 4: adricrack970 collected (€0.12)
Seat 5: trumoan folded before Flop (didn't bet)
Seat 6: LAMERIC64 folded before Flop (didn't bet)



PokerStars Zoom Hand #259348903322:  Hold'em No Limit (€0.02/€0.05) - 2026/01/17 16:19:12 CET [2026/01/17 10:19:12 ET]
Table 'Asterope' 6-max Seat #1 is the button
Seat 1: geovannyhanna (€10.15 in chips) 
Seat 2: Tiagofpsousa (€4.68 in chips) 
Seat 3: brra$1414 (€4.89 in chips) 
Seat 4: dud40 (€4.95 in chips) 
Seat 5: dami bni (€5.66 in chips) 
Seat 6: idealistslp (€4.96 in chips) 
Tiagofpsousa: posts small blind €0.02
brra$1414: posts big blind €0.05
*** HOLE CARDS ***
Dealt to idealistslp [Jh 5d]
dud40: folds 
dami bni: folds 
idealistslp: folds 
geovannyhanna: raises €0.10 to €0.15
Tiagofpsousa: folds 
brra$1414: folds 
Uncalled bet (€0.10) returned to geovannyhanna
geovannyhanna collected €0.12 from pot
geovannyhanna: doesn't show hand 
*** SUMMARY ***
Total pot €0.12 | Rake €0 
Seat 1: geovannyhanna (button) collected (€0.12)
Seat 2: Tiagofpsousa (small blind) folded before Flop
Seat 3: brra$1414 (big blind) folded before Flop
Seat 4: dud40 folded before Flop (didn't bet)
Seat 5: dami bni folded before Flop (didn't bet)
Seat 6: idealistslp folded before Flop (didn't bet)



PokerStars Zoom Hand #259348904510:  Hold'em No Limit (€0.02/€0.05) - 2026/01/17 16:19:19 CET [2026/01/17 10:19:19 ET]
Table 'Asterope' 6-max Seat #1 is the button
Seat 1: Moncerrate42 (€5 in chips) 
Seat 2: joan837 (€4.34 in chips) 
Seat 3: adricrack970 (€5.14 in chips) 
Seat 4: smrj1976 (€5.20 in chips) 
Seat 5: idealistslp (€4.96 in chips) 
Seat 6: lorocontento (€1.95 in chips) 
joan837: posts small blind €0.02
adricrack970: posts big blind €0.05
*** HOLE CARDS ***
Dealt to idealistslp [8c 2d]
smrj1976: raises €0.05 to €0.10
idealistslp: folds 
lorocontento: folds 
Moncerrate42: folds 
joan837: calls €0.08
adricrack970: folds 
*** FLOP *** [Js 3c 8s]
joan837: checks 
smrj1976: checks 
*** TURN *** [Js 3c 8s] [9c]
joan837: checks 
smrj1976: checks 
*** RIVER *** [Js 3c 8s 9c] [4c]
joan837: checks 
smrj1976: checks 
*** SHOW DOWN ***
joan837: shows [Jh 2h] (a pair of Jacks)
smrj1976: mucks hand 
joan837 collected €0.24 from pot
*** SUMMARY ***
Total pot €0.25 | Rake €0.01 
Board [Js 3c 8s 9c 4c]
Seat 1: Moncerrate42 (button) folded before Flop (didn't bet)
Seat 2: joan837 (small blind) showed [Jh 2h] and won (€0.24) with a pair of Jacks
Seat 3: adricrack970 (big blind) folded before Flop
Seat 4: smrj1976 mucked [Qh Kh]
Seat 5: idealistslp folded before Flop (didn't bet)
Seat 6: lorocontento folded before Flop (didn't bet)



PokerStars Zoom Hand #259348905215:  Hold'em No Limit (€0.02/€0.05) - 2026/01/17 16:19:23 CET [2026/01/17 10:19:23 ET]
Table 'Asterope' 6-max Seat #1 is the button
Seat 1: sarm1988 (€12.36 in chips) 
Seat 2: safelifetop (€5.28 in chips) 
Seat 3: 00789 (€5.07 in chips) 
Seat 4: idealistslp (€4.96 in chips) 
Seat 5: priam83 (€4.60 in chips) 
Seat 6: FELIPE439 (€1.55 in chips) 
safelifetop: posts small blind €0.02
00789: posts big blind €0.05
*** HOLE CARDS ***
Dealt to idealistslp [Ac Ah]
idealistslp: calls €0.05
priam83: folds 
FELIPE439: folds 
sarm1988: folds 
safelifetop: folds 
00789: raises €0.11 to €0.16
idealistslp: raises €0.11 to €0.27
00789: calls €0.11
*** FLOP *** [Ts Qs 5h]
00789: checks 
idealistslp: bets €0.27
00789: calls €0.27
*** TURN *** [Ts Qs 5h] [4d]
00789: checks 
idealistslp: bets €0.52
00789: calls €0.52
*** RIVER *** [Ts Qs 5h 4d] [6d]
00789: checks 
idealistslp: bets €2.03
00789: calls €2.03
*** SHOW DOWN ***
idealistslp: shows [Ac Ah] (a pair of Aces)
00789: mucks hand 
idealistslp collected €5.89 from pot
*** SUMMARY ***
Total pot €6.20 | Rake €0.31 
Board [Ts Qs 5h 4d 6d]
Seat 1: sarm1988 (button) folded before Flop (didn't bet)
Seat 2: safelifetop (small blind) folded before Flop
Seat 3: 00789 (big blind) mucked [As 5s]
Seat 4: idealistslp showed [Ac Ah] and won (€5.89) with a pair of Aces
Seat 5: priam83 folded before Flop (didn't bet)
Seat 6: FELIPE439 folded before Flop (didn't bet)



PokerStars Zoom Hand #259348921683:  Hold'em No Limit (€0.02/€0.05) - 2026/01/17 16:20:51 CET [2026/01/17 10:20:51 ET]
Table 'Asterope' 6-max Seat #1 is the button
Seat 1: idealistslp (€7.76 in chips) 
Seat 2: Moncerrate42 (€7.12 in chips) 
Seat 3: rafale032 (€5.96 in chips) 
Seat 4: ZharOdin (€5 in chips) 
Seat 5: Cidzor (€2.88 in chips) 
Seat 6: sarm1988 (€12.54 in chips) 
Moncerrate42: posts small blind €0.02
rafale032: posts big blind €0.05
*** HOLE CARDS ***
Dealt to idealistslp [3c Jc]
ZharOdin: folds 
Cidzor: folds 
sarm1988: folds 
idealistslp: raises €0.05 to €0.10
Moncerrate42: raises €0.40 to €0.50
rafale032: folds 
idealistslp: folds 
Uncalled bet (€0.40) returned to Moncerrate42
Moncerrate42 collected €0.25 from pot
Moncerrate42: doesn't show hand 
*** SUMMARY ***
Total pot €0.25 | Rake €0 
Seat 1: idealistslp (button) folded before Flop
Seat 2: Moncerrate42 (small blind) collected (€0.25)
Seat 3: rafale032 (big blind) folded before Flop
Seat 4: ZharOdin folded before Flop (didn't bet)
Seat 5: Cidzor folded before Flop (didn't bet)
Seat 6: sarm1988 folded before Flop (didn't bet)



PokerStars Zoom Hand #259349221665:  Hold'em No Limit (€0.02/€0.05) - 2026/01/17 16:46:48 CET [2026/01/17 10:46:48 ET]
Table 'Asterope' 6-max Seat #1 is the button
Seat 1: dragonfly2467 (€5 in chips) 
Seat 2: NOWAY3131 (€4.95 in chips) 
Seat 3: idealistslp (€4 in chips) 
Seat 4: txone73 (€8.50 in chips) 
Seat 5: seriomarkos (€3.35 in chips) 
Seat 6: cumoni (€3.02 in chips) 
NOWAY3131: posts small blind €0.02
idealistslp: posts big blind €0.05
*** HOLE CARDS ***
Dealt to idealistslp [7s Jh]
txone73: folds 
seriomarkos: folds 
cumoni: folds 
dragonfly2467: raises €0.05 to €0.10
NOWAY3131: folds 
idealistslp: calls €0.05
*** FLOP *** [6c 9h 8d]
idealistslp: bets €0.11
dragonfly2467: folds 
Uncalled bet (€0.11) returned to idealistslp
idealistslp collected €0.21 from pot
idealistslp: doesn't show hand 
*** SUMMARY ***
Total pot €0.22 | Rake €0.01 
Board [6c 9h 8d]
Seat 1: dragonfly2467 (button) folded on the Flop
Seat 2: NOWAY3131 (small blind) folded before Flop
Seat 3: idealistslp (big blind) collected (€0.21)
Seat 4: txone73 folded before Flop (didn't bet)
Seat 5: seriomarkos folded before Flop (didn't bet)
Seat 6: cumoni folded before Flop (didn't bet)



PokerStars Zoom Hand #259349227605:  Hold'em No Limit (€0.02/€0.05) - 2026/01/17 16:47:18 CET [2026/01/17 10:47:18 ET]
Table 'Asterope' 6-max Seat #1 is the button
Seat 1: NOWAY3131 (€5.18 in chips) 
Seat 2: idealistslp (€4.11 in chips) 
Seat 3: saharkesler (€9.54 in chips) 
Seat 4: DaniiRama (€6.05 in chips) 
Seat 5: Moncerrate42 (€5.07 in chips) 
Seat 6: cirsa888 (€5.92 in chips) 
idealistslp: posts small blind €0.02
saharkesler: posts big blind €0.05
*** HOLE CARDS ***
Dealt to idealistslp [9h 3c]
DaniiRama: folds 
Moncerrate42: folds 
cirsa888: folds 
NOWAY3131: folds 
idealistslp: raises €0.05 to €0.10
saharkesler: folds 
Uncalled bet (€0.05) returned to idealistslp
idealistslp collected €0.10 from pot
idealistslp: doesn't show hand 
*** SUMMARY ***
Total pot €0.10 | Rake €0 
Seat 1: NOWAY3131 (button) folded before Flop (didn't bet)
Seat 2: idealistslp (small blind) collected (€0.10)
Seat 3: saharkesler (big blind) folded before Flop
Seat 4: DaniiRama folded before Flop (didn't bet)
Seat 5: Moncerrate42 folded before Flop (didn't bet)
Seat 6: cirsa888 folded before Flop (didn't bet)



PokerStars Zoom Hand #259349232029:  Hold'em No Limit (€0.02/€0.05) - 2026/01/17 16:47:40 CET [2026/01/17 10:47:40 ET]
Table 'Asterope' 6-max Seat #1 is the button
Seat 1: idealistslp (€4.16 in chips) 
Seat 2: carri2012 (€16.38 in chips) 
Seat 3: DrTrinityy (€12.50 in chips) 
Seat 4: raidyy (€3.31 in chips) 
Seat 5: Janpaul112 (€5 in chips) 
Seat 6: adricrack970 (€8.01 in chips) 
carri2012: posts small blind €0.02
DrTrinityy: posts big blind €0.05
*** HOLE CARDS ***
Dealt to idealistslp [Qc Tc]
raidyy: folds 
Janpaul112: folds 
adricrack970: raises €0.10 to €0.15
idealistslp: calls €0.15
carri2012: raises €0.60 to €0.75
DrTrinityy: folds 
adricrack970: folds 
idealistslp: folds 
Uncalled bet (€0.60) returned to carri2012
carri2012 collected €0.50 from pot
carri2012: doesn't show hand 
*** SUMMARY ***
Total pot €0.50 | Rake €0 
Seat 1: idealistslp (button) folded before Flop
Seat 2: carri2012 (small blind) collected (€0.50)
Seat 3: DrTrinityy (big blind) folded before Flop
Seat 4: raidyy folded before Flop (didn't bet)
Seat 5: Janpaul112 folded before Flop (didn't bet)
Seat 6: adricrack970 folded before Flop



PokerStars Zoom Hand #259349237039:  Hold'em No Limit (€0.02/€0.05) - 2026/01/17 16:48:06 CET [2026/01/17 10:48:06 ET]
Table 'Asterope' 6-max Seat #1 is the button
Seat 1: fAAQQndo17 (€5.10 in chips) 
Seat 2: MakesMeRich (€5 in chips) 
Seat 3: david sagunt (€2.36 in chips) 
Seat 4: idealistslp (€4.01 in chips) 
Seat 5: <KA$!NÖ> (€5.02 in chips) 
Seat 6: ibic22 (€5 in chips) 
MakesMeRich: posts small blind €0.02
david sagunt: posts big blind €0.05
*** HOLE CARDS ***
Dealt to idealistslp [Ts Kc]
idealistslp: raises €0.05 to €0.10
<KA$!NÖ>: folds 
ibic22: folds 
fAAQQndo17: folds 
MakesMeRich: folds 
david sagunt: calls €0.05
*** FLOP *** [Jc 9s Js]
david sagunt: checks 
idealistslp: bets €0.11
david sagunt: folds 
Uncalled bet (€0.11) returned to idealistslp
idealistslp collected €0.21 from pot
idealistslp: doesn't show hand 
*** SUMMARY ***
Total pot €0.22 | Rake €0.01 
Board [Jc 9s Js]
Seat 1: fAAQQndo17 (button) folded before Flop (didn't bet)
Seat 2: MakesMeRich (small blind) folded before Flop
Seat 3: david sagunt (big blind) folded on the Flop
Seat 4: idealistslp collected (€0.21)
Seat 5: <KA$!NÖ> folded before Flop (didn't bet)
Seat 6: ibic22 folded before Flop (didn't bet)



PokerStars Zoom Hand #259349236112:  Hold'em No Limit (€0.02/€0.05) - 2026/01/17 16:48:01 CET [2026/01/17 10:48:01 ET]
Table 'Asterope' 6-max Seat #1 is the button
Seat 1: d--__--b o0O (€5.20 in chips) 
Seat 2: AsturSella1 (€1.32 in chips) 
Seat 3: cirsa888 (€7.27 in chips) 
Seat 4: saharkesler (€9.47 in chips) 
Seat 5: idealistslp (€4.01 in chips) 
Seat 6: MakesMeRich (€6.89 in chips) 
AsturSella1: posts small blind €0.02
cirsa888: posts big blind €0.05
*** HOLE CARDS ***
Dealt to idealistslp [3d 9d]
saharkesler: folds 
idealistslp: folds 
MakesMeRich: raises €0.05 to €0.10
d--__--b o0O: folds 
AsturSella1: calls €0.08
cirsa888: calls €0.05
*** FLOP *** [Kh Th Qd]
AsturSella1: bets €0.14
cirsa888: calls €0.14
MakesMeRich: calls €0.14
*** TURN *** [Kh Th Qd] [Qh]
AsturSella1: bets €0.19
cirsa888: calls €0.19
MakesMeRich: calls €0.19
*** RIVER *** [Kh Th Qd Qh] [Jd]
AsturSella1: bets €0.62
cirsa888: raises €0.82 to €1.44
MakesMeRich: calls €1.44
AsturSella1: calls €0.27 and is all-in
*** SHOW DOWN ***
cirsa888: shows [7h Ah] (a flush, Ace high)
MakesMeRich: shows [Jh Js] (a full house, Jacks full of Queens)
MakesMeRich collected €1.05 from side pot
AsturSella1: mucks hand 
MakesMeRich collected €3.76 from main pot
*** SUMMARY ***
Total pot €5.06 Main pot €3.76. Side pot €1.05. | Rake €0.25 
Board [Kh Th Qd Qh Jd]
Seat 1: d--__--b o0O (button) folded before Flop (didn't bet)
Seat 2: AsturSella1 (small blind) mucked [4c Ad]
Seat 3: cirsa888 (big blind) showed [7h Ah] and lost with a flush, Ace high
Seat 4: saharkesler folded before Flop (didn't bet)
Seat 5: idealistslp folded before Flop (didn't bet)
Seat 6: MakesMeRich showed [Jh Js] and won (€4.81) with a full house, Jacks full of Queens



PokerStars Zoom Hand #259349244507:  Hold'em No Limit (€0.02/€0.05) - 2026/01/17 16:48:45 CET [2026/01/17 10:48:45 ET]
Table 'Asterope' 6-max Seat #1 is the button
Seat 1: Jorgebcn76 (€5.05 in chips) 
Seat 2: pipipi921 (€1.42 in chips) 
Seat 3: idealistslp (€4.12 in chips) 
Seat 4: Ischadia (€5.16 in chips) 
Seat 5: NOWAY3131 (€5.92 in chips) 
Seat 6: sukocash (€6.05 in chips) 
pipipi921: posts small blind €0.02
idealistslp: posts big blind €0.05
*** HOLE CARDS ***
Dealt to idealistslp [Ah 5h]
Ischadia: folds 
NOWAY3131: folds 
sukocash: folds 
Jorgebcn76: raises €0.09 to €0.14
pipipi921: raises €0.16 to €0.30
idealistslp: calls €0.25
Jorgebcn76: folds 
*** FLOP *** [Qd 9s 7h]
pipipi921: checks 
idealistslp: bets €0.35
pipipi921: raises €0.77 to €1.12 and is all-in
idealistslp: calls €0.77
*** TURN *** [Qd 9s 7h] [Ts]
*** RIVER *** [Qd 9s 7h Ts] [8d]
*** SHOW DOWN ***
pipipi921: shows [As Kd] (high card Ace)
idealistslp: shows [Ah 5h] (high card Ace - lower kicker)
pipipi921 collected €2.83 from pot
*** SUMMARY ***
Total pot €2.98 | Rake €0.15 
Board [Qd 9s 7h Ts 8d]
Seat 1: Jorgebcn76 (button) folded before Flop
Seat 2: pipipi921 (small blind) showed [As Kd] and won (€2.83) with high card Ace
Seat 3: idealistslp (big blind) showed [Ah 5h] and lost with high card Ace
Seat 4: Ischadia folded before Flop (didn't bet)
Seat 5: NOWAY3131 folded before Flop (didn't bet)
Seat 6: sukocash folded before Flop (didn't bet)



PokerStars Zoom Hand #259349256322:  Hold'em No Limit (€0.02/€0.05) - 2026/01/17 16:49:46 CET [2026/01/17 10:49:46 ET]
Table 'Asterope' 6-max Seat #1 is the button
Seat 1: idealistslp (€2.70 in chips) 
Seat 2: safelifetop (€7.92 in chips) 
Seat 3: Iracam 13 (€2.59 in chips) 
Seat 4: oierzula (€5.34 in chips) 
Seat 5: fAAQQndo17 (€14.14 in chips) 
Seat 6: sarm1988 (€5.87 in chips) 
safelifetop: posts small blind €0.02
Iracam 13: posts big blind €0.05
*** HOLE CARDS ***
Dealt to idealistslp [2h Qc]
oierzula: folds 
fAAQQndo17: folds 
sarm1988: folds 
idealistslp: folds 
safelifetop: folds 
Uncalled bet (€0.03) returned to Iracam 13
Iracam 13 collected €0.04 from pot
Iracam 13: doesn't show hand 
*** SUMMARY ***
Total pot €0.04 | Rake €0 
Seat 1: idealistslp (button) folded before Flop (didn't bet)
Seat 2: safelifetop (small blind) folded before Flop
Seat 3: Iracam 13 (big blind) collected (€0.04)
Seat 4: oierzula folded before Flop (didn't bet)
Seat 5: fAAQQndo17 folded before Flop (didn't bet)
Seat 6: sarm1988 folded before Flop (didn't bet)



PokerStars Zoom Hand #259349257563:  Hold'em No Limit (€0.02/€0.05) - 2026/01/17 16:49:52 CET [2026/01/17 10:49:52 ET]
Table 'Asterope' 6-max Seat #1 is the button
Seat 1: safelifetop (€5.88 in chips) 
Seat 2: smrj1976 (€11.01 in chips) 
Seat 3: Pabley27 (€7.06 in chips) 
Seat 4: txone73 (€4.33 in chips) 
Seat 5: idealistslp (€4.70 in chips) 
Seat 6: trumoan (€2.71 in chips) 
smrj1976: posts small blind €0.02
Pabley27: posts big blind €0.05
*** HOLE CARDS ***
Dealt to idealistslp [6h 4h]
txone73: folds 
idealistslp: folds 
trumoan: folds 
safelifetop: folds 
smrj1976: folds 
Uncalled bet (€0.03) returned to Pabley27
Pabley27 collected €0.04 from pot
Pabley27: doesn't show hand 
*** SUMMARY ***
Total pot €0.04 | Rake €0 
Seat 1: safelifetop (button) folded before Flop (didn't bet)
Seat 2: smrj1976 (small blind) folded before Flop
Seat 3: Pabley27 (big blind) collected (€0.04)
Seat 4: txone73 folded before Flop (didn't bet)
Seat 5: idealistslp folded before Flop (didn't bet)
Seat 6: trumoan folded before Flop (didn't bet)



PokerStars Zoom Hand #259349258806:  Hold'em No Limit (€0.02/€0.05) - 2026/01/17 16:49:59 CET [2026/01/17 10:49:59 ET]
Table 'Asterope' 6-max Seat #1 is the button
Seat 1: chiinche (€4.98 in chips) 
Seat 2: idealistslp (€4.70 in chips) 
Seat 3: fAAQQndo17 (€14.14 in chips) 
Seat 4: DrTrinityy (€12.36 in chips) 
Seat 5: DaniiRama (€6.07 in chips) 
Seat 6: david sagunt (€2.17 in chips) 
idealistslp: posts small blind €0.02
fAAQQndo17: posts big blind €0.05
*** HOLE CARDS ***
Dealt to idealistslp [Ah 3c]
DrTrinityy: folds 
DaniiRama: folds 
david sagunt: folds 
chiinche: folds 
idealistslp: raises €0.05 to €0.10
fAAQQndo17: raises €0.40 to €0.50
idealistslp: calls €0.40
*** FLOP *** [3h 8s 7h]
idealistslp: bets €0.48
fAAQQndo17: calls €0.48
*** TURN *** [3h 8s 7h] [7s]
idealistslp: bets €0.93
fAAQQndo17: calls €0.93
*** RIVER *** [3h 8s 7h 7s] [Tc]
idealistslp: checks 
fAAQQndo17: checks 
*** SHOW DOWN ***
idealistslp: shows [Ah 3c] (two pair, Sevens and Threes)
fAAQQndo17: shows [Ks Ts] (two pair, Tens and Sevens)
fAAQQndo17 collected €3.63 from pot
*** SUMMARY ***
Total pot €3.82 | Rake €0.19 
Board [3h 8s 7h 7s Tc]
Seat 1: chiinche (button) folded before Flop (didn't bet)
Seat 2: idealistslp (small blind) showed [Ah 3c] and lost with two pair, Sevens and Threes
Seat 3: fAAQQndo17 (big blind) showed [Ks Ts] and won (€3.63) with two pair, Tens and Sevens
Seat 4: DrTrinityy folded before Flop (didn't bet)
Seat 5: DaniiRama folded before Flop (didn't bet)
Seat 6: david sagunt folded before Flop (didn't bet)



PokerStars Zoom Hand #259349271353:  Hold'em No Limit (€0.02/€0.05) - 2026/01/17 16:51:03 CET [2026/01/17 10:51:03 ET]
Table 'Asterope' 6-max Seat #1 is the button
Seat 1: Janpaul112 (€9.95 in chips) 
Seat 2: safelifetop (€5.76 in chips) 
Seat 3: el_heniek (€5.12 in chips) 
Seat 4: idealistslp (€5 in chips) 
Seat 5: byturbin (€5.95 in chips) 
Seat 6: smrj1976 (€11.15 in chips) 
safelifetop: posts small blind €0.02
el_heniek: posts big blind €0.05
*** HOLE CARDS ***
Dealt to idealistslp [3d 2s]
idealistslp: folds 
byturbin: folds 
smrj1976: folds 
Janpaul112: folds 
safelifetop: folds 
Uncalled bet (€0.03) returned to el_heniek
el_heniek collected €0.04 from pot
el_heniek: doesn't show hand 
*** SUMMARY ***
Total pot €0.04 | Rake €0 
Seat 1: Janpaul112 (button) folded before Flop (didn't bet)
Seat 2: safelifetop (small blind) folded before Flop
Seat 3: el_heniek (big blind) collected (€0.04)
Seat 4: idealistslp folded before Flop (didn't bet)
Seat 5: byturbin folded before Flop (didn't bet)
Seat 6: smrj1976 folded before Flop (didn't bet)



PokerStars Zoom Hand #259349272114:  Hold'em No Limit (€0.02/€0.05) - 2026/01/17 16:51:07 CET [2026/01/17 10:51:07 ET]
Table 'Asterope' 6-max Seat #1 is the button
Seat 1: idealistslp (€5 in chips) 
Seat 2: adricrack970 (€7.80 in chips) 
Seat 3: lorocontento (€1.86 in chips) 
Seat 4: more457 (€5.84 in chips) 
Seat 5: Janpaul112 (€5.13 in chips) 
Seat 6: DrTrinityy (€12.14 in chips) 
adricrack970: posts small blind €0.02
lorocontento: posts big blind €0.05
*** HOLE CARDS ***
Dealt to idealistslp [Ac 6d]
more457: folds 
Janpaul112: folds 
DrTrinityy: folds 
idealistslp: raises €0.05 to €0.10
adricrack970: folds 
lorocontento: folds 
Uncalled bet (€0.05) returned to idealistslp
idealistslp collected €0.12 from pot
idealistslp: doesn't show hand 
*** SUMMARY ***
Total pot €0.12 | Rake €0 
Seat 1: idealistslp (button) collected (€0.12)
Seat 2: adricrack970 (small blind) folded before Flop
Seat 3: lorocontento (big blind) folded before Flop
Seat 4: more457 folded before Flop (didn't bet)
Seat 5: Janpaul112 folded before Flop (didn't bet)
Seat 6: DrTrinityy folded before Flop (didn't bet)



PokerStars Zoom Hand #259349274796:  Hold'em No Limit (€0.02/€0.05) - 2026/01/17 16:51:21 CET [2026/01/17 10:51:21 ET]
Table 'Asterope' 6-max Seat #1 is the button
Seat 1: GOLDGAMMER (€4.14 in chips) 
Seat 2: metamex (€4.38 in chips) 
Seat 3: idealistslp (€5.07 in chips) 
Seat 4: NOWAY3131 (€4.04 in chips) 
Seat 5: fAAQQndo17 (€15.84 in chips) 
Seat 6: cirsa888 (€5.06 in chips) 
metamex: posts small blind €0.02
idealistslp: posts big blind €0.05
*** HOLE CARDS ***
Dealt to idealistslp [Kc 5s]
NOWAY3131: folds 
fAAQQndo17: folds 
cirsa888: folds 
GOLDGAMMER: folds 
metamex: raises €0.05 to €0.10
idealistslp: folds 
Uncalled bet (€0.05) returned to metamex
metamex collected €0.10 from pot
metamex: doesn't show hand 
*** SUMMARY ***
Total pot €0.10 | Rake €0 
Seat 1: GOLDGAMMER (button) folded before Flop (didn't bet)
Seat 2: metamex (small blind) collected (€0.10)
Seat 3: idealistslp (big blind) folded before Flop
Seat 4: NOWAY3131 folded before Flop (didn't bet)
Seat 5: fAAQQndo17 folded before Flop (didn't bet)
Seat 6: cirsa888 folded before Flop (didn't bet)



PokerStars Zoom Hand #259349268976:  Hold'em No Limit (€0.02/€0.05) - 2026/01/17 16:50:51 CET [2026/01/17 10:50:51 ET]
Table 'Asterope' 6-max Seat #1 is the button
Seat 1: saintblair (€5.12 in chips) 
Seat 2: fAAQQndo17 (€15.86 in chips) 
Seat 3: chaval231 (€5 in chips) 
Seat 4: SrWatanabe (€5 in chips) 
Seat 5: safelifetop (€7.67 in chips) 
Seat 6: idealistslp (€2.79 in chips) 
fAAQQndo17: posts small blind €0.02
chaval231: posts big blind €0.05
*** HOLE CARDS ***
Dealt to idealistslp [7c Qd]
SrWatanabe: folds 
safelifetop: folds 
idealistslp: folds 
saintblair: raises €0.05 to €0.10
fAAQQndo17: folds 
chaval231: calls €0.05
*** FLOP *** [Kd 9d 7h]
chaval231: checks 
saintblair: checks 
*** TURN *** [Kd 9d 7h] [5d]
chaval231: checks 
saintblair: bets €0.15
chaval231: folds 
Uncalled bet (€0.15) returned to saintblair
saintblair collected €0.21 from pot
saintblair: doesn't show hand 
*** SUMMARY ***
Total pot €0.22 | Rake €0.01 
Board [Kd 9d 7h 5d]
Seat 1: saintblair (button) collected (€0.21)
Seat 2: fAAQQndo17 (small blind) folded before Flop
Seat 3: chaval231 (big blind) folded on the Turn
Seat 4: SrWatanabe folded before Flop (didn't bet)
Seat 5: safelifetop folded before Flop (didn't bet)
Seat 6: idealistslp folded before Flop (didn't bet)



PokerStars Zoom Hand #259349276795:  Hold'em No Limit (€0.02/€0.05) - 2026/01/17 16:51:31 CET [2026/01/17 10:51:31 ET]
Table 'Asterope' 6-max Seat #1 is the button
Seat 1: eric 29880 (€5.33 in chips) 
Seat 2: chaval231 (€4.90 in chips) 
Seat 3: cirsa888 (€5.04 in chips) 
Seat 4: txone73 (€7.99 in chips) 
Seat 5: Game9292 (€3.43 in chips) 
Seat 6: idealistslp (€5.02 in chips) 
chaval231: posts small blind €0.02
cirsa888: posts big blind €0.05
*** HOLE CARDS ***
Dealt to idealistslp [4c 8c]
txone73: folds 
Game9292: raises €0.10 to €0.15
idealistslp: folds 
eric 29880: folds 
chaval231: folds 
cirsa888: folds 
Uncalled bet (€0.10) returned to Game9292
Game9292 collected €0.12 from pot
Game9292: doesn't show hand 
*** SUMMARY ***
Total pot €0.12 | Rake €0 
Seat 1: eric 29880 (button) folded before Flop (didn't bet)
Seat 2: chaval231 (small blind) folded before Flop
Seat 3: cirsa888 (big blind) folded before Flop
Seat 4: txone73 folded before Flop (didn't bet)
Seat 5: Game9292 collected (€0.12)
Seat 6: idealistslp folded before Flop (didn't bet)



PokerStars Zoom Hand #259349277552:  Hold'em No Limit (€0.02/€0.05) - 2026/01/17 16:51:35 CET [2026/01/17 10:51:35 ET]
Table 'Asterope' 6-max Seat #1 is the button
Seat 1: <KA$!NÖ> (€5 in chips) 
Seat 2: idealistslp (€5.02 in chips) 
Seat 3: AA00717 (€2.05 in chips) 
Seat 4: Elseparatio (€3.43 in chips) 
Seat 5: sarm1988 (€5.90 in chips) 
Seat 6: vicen7010 (€1.94 in chips) 
idealistslp: posts small blind €0.02
AA00717: posts big blind €0.05
*** HOLE CARDS ***
Dealt to idealistslp [8s Ah]
Elseparatio: calls €0.05
sarm1988: folds 
vicen7010: folds 
<KA$!NÖ>: folds 
idealistslp: raises €0.05 to €0.10
AA00717: folds 
Elseparatio: raises €0.25 to €0.35
idealistslp: calls €0.25
*** FLOP *** [7s Td 2h]
idealistslp: bets €0.36
Elseparatio: calls €0.36
*** TURN *** [7s Td 2h] [Ks]
idealistslp: checks 
Elseparatio: bets €0.30
idealistslp: folds 
Uncalled bet (€0.30) returned to Elseparatio
Elseparatio collected €1.40 from pot
Elseparatio: doesn't show hand 
*** SUMMARY ***
Total pot €1.47 | Rake €0.07 
Board [7s Td 2h Ks]
Seat 1: <KA$!NÖ> (button) folded before Flop (didn't bet)
Seat 2: idealistslp (small blind) folded on the Turn
Seat 3: AA00717 (big blind) folded before Flop
Seat 4: Elseparatio collected (€1.40)
Seat 5: sarm1988 folded before Flop (didn't bet)
Seat 6: vicen7010 folded before Flop (didn't bet)



PokerStars Zoom Hand #259349284219:  Hold'em No Limit (€0.02/€0.05) - 2026/01/17 16:52:09 CET [2026/01/17 10:52:09 ET]
Table 'Asterope' 6-max Seat #1 is the button
Seat 1: 00789 (€8.75 in chips) 
Seat 2: chiinche (€6.12 in chips) 
Seat 3: more457 (€5.77 in chips) 
Seat 4: txone73 (€4.16 in chips) 
Seat 5: <KA$!NÖ> (€5 in chips) 
Seat 6: idealistslp (€4.31 in chips) 
chiinche: posts small blind €0.02
more457: posts big blind €0.05
*** HOLE CARDS ***
Dealt to idealistslp [Ah 2s]
txone73: folds 
<KA$!NÖ>: folds 
idealistslp: raises €0.05 to €0.10
00789: folds 
chiinche: calls €0.08
more457: folds 
*** FLOP *** [5d Qs 2d]
chiinche: checks 
idealistslp: bets €0.12
chiinche: calls €0.12
*** TURN *** [5d Qs 2d] [3s]
chiinche: checks 
idealistslp: bets €0.24
chiinche: calls €0.24
*** RIVER *** [5d Qs 2d 3s] [As]
chiinche: checks 
idealistslp: bets €0.46
chiinche: calls €0.46
*** SHOW DOWN ***
idealistslp: shows [Ah 2s] (two pair, Aces and Deuces)
chiinche: mucks hand 
idealistslp collected €1.80 from pot
*** SUMMARY ***
Total pot €1.89 | Rake €0.09 
Board [5d Qs 2d 3s As]
Seat 1: 00789 (button) folded before Flop (didn't bet)
Seat 2: chiinche (small blind) mucked [Ac Ks]
Seat 3: more457 (big blind) folded before Flop
Seat 4: txone73 folded before Flop (didn't bet)
Seat 5: <KA$!NÖ> folded before Flop (didn't bet)
Seat 6: idealistslp showed [Ah 2s] and won (€1.80) with two pair, Aces and Deuces



PokerStars Zoom Hand #259349291396:  Hold'em No Limit (€0.02/€0.05) - 2026/01/17 16:52:47 CET [2026/01/17 10:52:47 ET]
Table 'Asterope' 6-max Seat #1 is the button
Seat 1: vicen7010 (€2.55 in chips) 
Seat 2: BrasHaak (€6.10 in chips) 
Seat 3: Cacartiflette01 (€5 in chips) 
Seat 4: DrTrinityy (€10.80 in chips) 
Seat 5: idealistslp (€5.19 in chips) 
Seat 6: metamex (€3.81 in chips) 
BrasHaak: posts small blind €0.02
Cacartiflette01: posts big blind €0.05
*** HOLE CARDS ***
Dealt to idealistslp [6d Ah]
DrTrinityy: folds 
idealistslp: raises €0.05 to €0.10
metamex: folds 
vicen7010: folds 
BrasHaak: folds 
Cacartiflette01: calls €0.05
*** FLOP *** [8c 3c 7h]
Cacartiflette01: checks 
idealistslp: bets €0.11
Cacartiflette01: calls €0.11
*** TURN *** [8c 3c 7h] [6s]
Cacartiflette01: checks 
idealistslp: checks 
*** RIVER *** [8c 3c 7h 6s] [Th]
Cacartiflette01: checks 
idealistslp: checks 
*** SHOW DOWN ***
Cacartiflette01: shows [Kh 9s] (a straight, Six to Ten)
idealistslp: mucks hand 
Cacartiflette01 collected €0.42 from pot
*** SUMMARY ***
Total pot €0.44 | Rake €0.02 
Board [8c 3c 7h 6s Th]
Seat 1: vicen7010 (button) folded before Flop (didn't bet)
Seat 2: BrasHaak (small blind) folded before Flop
Seat 3: Cacartiflette01 (big blind) showed [Kh 9s] and won (€0.42) with a straight, Six to Ten
Seat 4: DrTrinityy folded before Flop (didn't bet)
Seat 5: idealistslp mucked [6d Ah]
Seat 6: metamex folded before Flop (didn't bet)



PokerStars Zoom Hand #259349304677:  Hold'em No Limit (€0.02/€0.05) - 2026/01/17 16:53:55 CET [2026/01/17 10:53:55 ET]
Table 'Asterope' 6-max Seat #1 is the button
Seat 1: Cacartiflette01 (€5.21 in chips) 
Seat 2: chiinche (€5.25 in chips) 
Seat 3: <KA$!NÖ> (€5 in chips) 
Seat 4: idealistslp (€4.98 in chips) 
Seat 5: txone73 (€3.97 in chips) 
Seat 6: DaniiRama (€5.26 in chips) 
chiinche: posts small blind €0.02
<KA$!NÖ>: posts big blind €0.05
*** HOLE CARDS ***
Dealt to idealistslp [9d 5h]
idealistslp: folds 
txone73: folds 
DaniiRama: raises €0.07 to €0.12
Cacartiflette01: folds 
chiinche: folds 
<KA$!NÖ>: folds 
Uncalled bet (€0.07) returned to DaniiRama
DaniiRama collected €0.12 from pot
DaniiRama: doesn't show hand 
*** SUMMARY ***
Total pot €0.12 | Rake €0 
Seat 1: Cacartiflette01 (button) folded before Flop (didn't bet)
Seat 2: chiinche (small blind) folded before Flop
Seat 3: <KA$!NÖ> (big blind) folded before Flop
Seat 4: idealistslp folded before Flop (didn't bet)
Seat 5: txone73 folded before Flop (didn't bet)
Seat 6: DaniiRama collected (€0.12)



PokerStars Zoom Hand #259349305538:  Hold'em No Limit (€0.02/€0.05) - 2026/01/17 16:54:00 CET [2026/01/17 10:54:00 ET]
Table 'Asterope' 6-max Seat #1 is the button
Seat 1: Portugalkin2025 (€4.67 in chips) 
Seat 2: Ivangennaro (€5 in chips) 
Seat 3: idealistslp (€4.98 in chips) 
Seat 4: jockosssssss (€3.87 in chips) 
Seat 5: eric 29880 (€4.95 in chips) 
Seat 6: joan837 (€4.05 in chips) 
Ivangennaro: posts small blind €0.02
idealistslp: posts big blind €0.05
*** HOLE CARDS ***
Dealt to idealistslp [6s Kc]
jockosssssss: calls €0.05
eric 29880: folds 
joan837: folds 
Portugalkin2025: folds 
Ivangennaro: folds 
idealistslp: checks 
*** FLOP *** [Qd 6d 7s]
idealistslp: bets €0.06
jockosssssss: calls €0.06
*** TURN *** [Qd 6d 7s] [Td]
idealistslp: bets €0.12
jockosssssss: calls €0.12
*** RIVER *** [Qd 6d 7s Td] [Kh]
idealistslp: bets €0.23
jockosssssss: raises €0.23 to €0.46
idealistslp: calls €0.23
*** SHOW DOWN ***
jockosssssss: shows [7d 8d] (a flush, Queen high)
idealistslp: mucks hand 
jockosssssss collected €1.33 from pot
*** SUMMARY ***
Total pot €1.40 | Rake €0.07 
Board [Qd 6d 7s Td Kh]
Seat 1: Portugalkin2025 (button) folded before Flop (didn't bet)
Seat 2: Ivangennaro (small blind) folded before Flop
Seat 3: idealistslp (big blind) mucked [6s Kc]
Seat 4: jockosssssss showed [7d 8d] and won (€1.33) with a flush, Queen high
Seat 5: eric 29880 folded before Flop (didn't bet)
Seat 6: joan837 folded before Flop (didn't bet)



PokerStars Zoom Hand #259349315796:  Hold'em No Limit (€0.02/€0.05) - 2026/01/17 16:54:53 CET [2026/01/17 10:54:53 ET]
Table 'Asterope' 6-max Seat #1 is the button
Seat 1: idealistslp (€4.98 in chips) 
Seat 2: oierzula (€4.02 in chips) 
Seat 3: metamex (€4.01 in chips) 
Seat 4: txone73 (€6.98 in chips) 
Seat 5: saintblair (€4.59 in chips) 
Seat 6: car1980510 (€1.76 in chips) 
oierzula: posts small blind €0.02
metamex: posts big blind €0.05
*** HOLE CARDS ***
Dealt to idealistslp [6d 9d]
txone73: folds 
saintblair: folds 
car1980510: folds 
idealistslp: folds 
oierzula: folds 
Uncalled bet (€0.03) returned to metamex
metamex collected €0.04 from pot
metamex: doesn't show hand 
*** SUMMARY ***
Total pot €0.04 | Rake €0 
Seat 1: idealistslp (button) folded before Flop (didn't bet)
Seat 2: oierzula (small blind) folded before Flop
Seat 3: metamex (big blind) collected (€0.04)
Seat 4: txone73 folded before Flop (didn't bet)
Seat 5: saintblair folded before Flop (didn't bet)
Seat 6: car1980510 folded before Flop (didn't bet)



PokerStars Zoom Hand #259349317461:  Hold'em No Limit (€0.02/€0.05) - 2026/01/17 16:55:01 CET [2026/01/17 10:55:01 ET]
Table 'Asterope' 6-max Seat #1 is the button
Seat 1: joan837 (€3.90 in chips) 
Seat 2: kraken638 (€2.02 in chips) 
Seat 3: <KA$!NÖ> (€7.14 in chips) 
Seat 4: sukocash (€11.26 in chips) 
Seat 5: idealistslp (€4.98 in chips) 
Seat 6: oierzula (€4 in chips) 
kraken638: posts small blind €0.02
<KA$!NÖ>: posts big blind €0.05
*** HOLE CARDS ***
Dealt to idealistslp [3d 9s]
sukocash: raises €0.07 to €0.12
idealistslp: folds 
oierzula: folds 
joan837: folds 
kraken638: folds 
<KA$!NÖ>: folds 
Uncalled bet (€0.07) returned to sukocash
sukocash collected €0.12 from pot
sukocash: doesn't show hand 
*** SUMMARY ***
Total pot €0.12 | Rake €0 
Seat 1: joan837 (button) folded before Flop (didn't bet)
Seat 2: kraken638 (small blind) folded before Flop
Seat 3: <KA$!NÖ> (big blind) folded before Flop
Seat 4: sukocash collected (€0.12)
Seat 5: idealistslp folded before Flop (didn't bet)
Seat 6: oierzula folded before Flop (didn't bet)



PokerStars Zoom Hand #259349316806:  Hold'em No Limit (€0.02/€0.05) - 2026/01/17 16:54:58 CET [2026/01/17 10:54:58 ET]
Table 'Asterope' 6-max Seat #1 is the button
Seat 1: txone73 (€3.75 in chips) 
Seat 2: byturbin (€6.30 in chips) 
Seat 3: Iracam 13 (€2.58 in chips) 
Seat 4: idealistslp (€4.98 in chips) 
Seat 5: Ivangennaro (€5.20 in chips) 
Seat 6: ehouiJedebute (€5.02 in chips) 
byturbin: posts small blind €0.02
Iracam 13: posts big blind €0.05
*** HOLE CARDS ***
Dealt to idealistslp [Jc 2c]
idealistslp: folds 
Ivangennaro: folds 
ehouiJedebute: folds 
txone73: folds 
byturbin: raises €0.05 to €0.10
Iracam 13: calls €0.05
*** FLOP *** [Qc 7h Ts]
byturbin: checks 
Iracam 13: bets €0.15
byturbin: folds 
Uncalled bet (€0.15) returned to Iracam 13
Iracam 13 collected €0.19 from pot
Iracam 13: doesn't show hand 
*** SUMMARY ***
Total pot €0.20 | Rake €0.01 
Board [Qc 7h Ts]
Seat 1: txone73 (button) folded before Flop (didn't bet)
Seat 2: byturbin (small blind) folded on the Flop
Seat 3: Iracam 13 (big blind) collected (€0.19)
Seat 4: idealistslp folded before Flop (didn't bet)
Seat 5: Ivangennaro folded before Flop (didn't bet)
Seat 6: ehouiJedebute folded before Flop (didn't bet)



PokerStars Zoom Hand #259349314470:  Hold'em No Limit (€0.02/€0.05) - 2026/01/17 16:54:46 CET [2026/01/17 10:54:46 ET]
Table 'Asterope' 6-max Seat #1 is the button
Seat 1: Ischadia (€5.76 in chips) 
Seat 2: idealistslp (€4.29 in chips) 
Seat 3: Markkos1092 (€4.69 in chips) 
Seat 4: Janpaul112 (€9.89 in chips) 
Seat 5: DaniiRama (€5.47 in chips) 
Seat 6: llodio (€5.01 in chips) 
idealistslp: posts small blind €0.02
Markkos1092: posts big blind €0.05
*** HOLE CARDS ***
Dealt to idealistslp [3c Tc]
Janpaul112: raises €0.05 to €0.10
DaniiRama: folds 
llodio: raises €0.20 to €0.30
Ischadia: folds 
idealistslp: folds 
Markkos1092: folds 
Janpaul112: folds 
Uncalled bet (€0.20) returned to llodio
llodio collected €0.27 from pot
llodio: doesn't show hand 
*** SUMMARY ***
Total pot €0.27 | Rake €0 
Seat 1: Ischadia (button) folded before Flop (didn't bet)
Seat 2: idealistslp (small blind) folded before Flop
Seat 3: Markkos1092 (big blind) folded before Flop
Seat 4: Janpaul112 folded before Flop
Seat 5: DaniiRama folded before Flop (didn't bet)
Seat 6: llodio collected (€0.27)



PokerStars Zoom Hand #259349319477:  Hold'em No Limit (€0.02/€0.05) - 2026/01/17 16:55:12 CET [2026/01/17 10:55:12 ET]
Table 'Asterope' 6-max Seat #1 is the button
Seat 1: Bestiote (€2.05 in chips) 
Seat 2: <KA$!NÖ> (€5 in chips) 
Seat 3: pawel36602 (€4.95 in chips) 
Seat 4: saharkesler (€5 in chips) 
Seat 5: idealistslp (€4.98 in chips) 
Seat 6: joan837 (€3.90 in chips) 
<KA$!NÖ>: posts small blind €0.02
pawel36602: posts big blind €0.05
*** HOLE CARDS ***
Dealt to idealistslp [Th Qs]
saharkesler: folds 
idealistslp: raises €0.05 to €0.10
joan837: folds 
Bestiote: folds 
<KA$!NÖ>: folds 
pawel36602: calls €0.05
*** FLOP *** [Ad Ah 6s]
pawel36602: checks 
idealistslp: bets €0.11
pawel36602: folds 
Uncalled bet (€0.11) returned to idealistslp
idealistslp collected €0.21 from pot
idealistslp: doesn't show hand 
*** SUMMARY ***
Total pot €0.22 | Rake €0.01 
Board [Ad Ah 6s]
Seat 1: Bestiote (button) folded before Flop (didn't bet)
Seat 2: <KA$!NÖ> (small blind) folded before Flop
Seat 3: pawel36602 (big blind) folded on the Flop
Seat 4: saharkesler folded before Flop (didn't bet)
Seat 5: idealistslp collected (€0.21)
Seat 6: joan837 folded before Flop (didn't bet)



PokerStars Zoom Hand #259349323103:  Hold'em No Limit (€0.02/€0.05) - 2026/01/17 16:55:38 CET [2026/01/17 10:55:38 ET]
Table 'Asterope' 6-max Seat #1 is the button
Seat 1: Markpartebragas (€5.75 in chips) 
Seat 2: 00789 (€5.90 in chips) 
Seat 3: idealistslp (€5.09 in chips) 
Seat 4: <KA$!NÖ> (€5.05 in chips) 
Seat 5: Elseparatio (€3.15 in chips) 
Seat 6: saharkesler (€15.42 in chips) 
00789: posts small blind €0.02
idealistslp: posts big blind €0.05
*** HOLE CARDS ***
Dealt to idealistslp [9h 8h]
<KA$!NÖ>: folds 
Elseparatio: folds 
saharkesler: folds 
Markpartebragas: raises €0.07 to €0.12
00789: folds 
idealistslp: calls €0.07
*** FLOP *** [8s 5h 5s]
idealistslp: bets €0.13
Markpartebragas: folds 
Uncalled bet (€0.13) returned to idealistslp
idealistslp collected €0.25 from pot
idealistslp: doesn't show hand 
*** SUMMARY ***
Total pot €0.26 | Rake €0.01 
Board [8s 5h 5s]
Seat 1: Markpartebragas (button) folded on the Flop
Seat 2: 00789 (small blind) folded before Flop
Seat 3: idealistslp (big blind) collected (€0.25)
Seat 4: <KA$!NÖ> folded before Flop (didn't bet)
Seat 5: Elseparatio folded before Flop (didn't bet)
Seat 6: saharkesler folded before Flop (didn't bet)



PokerStars Zoom Hand #259349326227:  Hold'em No Limit (€0.02/€0.05) - 2026/01/17 16:56:01 CET [2026/01/17 10:56:01 ET]
Table 'Asterope' 6-max Seat #1 is the button
Seat 1: idealistslp (€5.22 in chips) 
Seat 2: Moncerrate42 (€5 in chips) 
Seat 3: sarm1988 (€10.78 in chips) 
Seat 4: Jorgebcn76 (€5.47 in chips) 
Seat 5: Janpaul112 (€9.74 in chips) 
Seat 6: Bestiote (€1.93 in chips) 
Moncerrate42: posts small blind €0.02
sarm1988: posts big blind €0.05
*** HOLE CARDS ***
Dealt to idealistslp [6d Qd]
Jorgebcn76: folds 
Janpaul112: folds 
Bestiote: folds 
idealistslp: raises €0.05 to €0.10
Moncerrate42: folds 
sarm1988: folds 
Uncalled bet (€0.05) returned to idealistslp
idealistslp collected €0.12 from pot
idealistslp: doesn't show hand 
*** SUMMARY ***
Total pot €0.12 | Rake €0 
Seat 1: idealistslp (button) collected (€0.12)
Seat 2: Moncerrate42 (small blind) folded before Flop
Seat 3: sarm1988 (big blind) folded before Flop
Seat 4: Jorgebcn76 folded before Flop (didn't bet)
Seat 5: Janpaul112 folded before Flop (didn't bet)
Seat 6: Bestiote folded before Flop (didn't bet)



PokerStars Zoom Hand #259349318263:  Hold'em No Limit (€0.02/€0.05) - 2026/01/17 16:55:06 CET [2026/01/17 10:55:06 ET]
Table 'Asterope' 6-max Seat #1 is the button
Seat 1: Ischadia (€5.74 in chips) 
Seat 2: Cacartiflette01 (€5.14 in chips) 
Seat 3: Bestiote (€2.10 in chips) 
Seat 4: oierzula (€4 in chips) 
Seat 5: Jorgebcn76 (€5.47 in chips) 
Seat 6: idealistslp (€4.98 in chips) 
Cacartiflette01: posts small blind €0.02
Bestiote: posts big blind €0.05
*** HOLE CARDS ***
Dealt to idealistslp [6d Jc]
oierzula: raises €0.10 to €0.15
Jorgebcn76: folds 
idealistslp: folds 
Ischadia: raises €0.30 to €0.45
Cacartiflette01: folds 
Bestiote: folds 
oierzula: calls €0.30
*** FLOP *** [2d 2c 7s]
oierzula: checks 
Ischadia: bets €0.28
oierzula: calls €0.28
*** TURN *** [2d 2c 7s] [Js]
oierzula: checks 
Ischadia: checks 
*** RIVER *** [2d 2c 7s Js] [Th]
oierzula: checks 
Ischadia: checks 
*** SHOW DOWN ***
oierzula: shows [8c Tc] (two pair, Tens and Deuces)
Ischadia: shows [As Ad] (two pair, Aces and Deuces)
Ischadia collected €1.45 from pot
*** SUMMARY ***
Total pot €1.53 | Rake €0.08 
Board [2d 2c 7s Js Th]
Seat 1: Ischadia (button) showed [As Ad] and won (€1.45) with two pair, Aces and Deuces
Seat 2: Cacartiflette01 (small blind) folded before Flop
Seat 3: Bestiote (big blind) folded before Flop
Seat 4: oierzula showed [8c Tc] and lost with two pair, Tens and Deuces
Seat 5: Jorgebcn76 folded before Flop (didn't bet)
Seat 6: idealistslp folded before Flop (didn't bet)



PokerStars Zoom Hand #259354350000:  Hold'em No Limit (€0.02/€0.05) - 2026/01/17 22:57:36 CET [2026/01/17 16:57:36 ET]
Table 'Asterope' 6-max Seat #1 is the button
Seat 1: Cathaysanauz (€5.04 in chips) 
Seat 2: KarmaPoker24 (€6.58 in chips) 
Seat 3: idealistslp (€4 in chips) 
Seat 4: ATOJ5 (€2.59 in chips) 
Seat 5: jash1945 (€4.98 in chips) 
Seat 6: SGB36 (€5 in chips) 
KarmaPoker24: posts small blind €0.02
idealistslp: posts big blind €0.05
*** HOLE CARDS ***
Dealt to idealistslp [Jd 5s]
ATOJ5: folds 
jash1945: calls €0.05
SGB36: folds 
Cathaysanauz: raises €0.20 to €0.25
KarmaPoker24: folds 
idealistslp: folds 
jash1945: folds 
Uncalled bet (€0.20) returned to Cathaysanauz
Cathaysanauz collected €0.17 from pot
Cathaysanauz: doesn't show hand 
*** SUMMARY ***
Total pot €0.17 | Rake €0 
Seat 1: Cathaysanauz (button) collected (€0.17)
Seat 2: KarmaPoker24 (small blind) folded before Flop
Seat 3: idealistslp (big blind) folded before Flop
Seat 4: ATOJ5 folded before Flop (didn't bet)
Seat 5: jash1945 folded before Flop
Seat 6: SGB36 folded before Flop (didn't bet)



PokerStars Zoom Hand #259354352203:  Hold'em No Limit (€0.02/€0.05) - 2026/01/17 22:57:49 CET [2026/01/17 16:57:49 ET]
Table 'Asterope' 6-max Seat #1 is the button
Seat 1: idealistslp (€3.95 in chips) 
Seat 2: calopoker_10 (€16.25 in chips) 
Seat 3: ElThepo (€12.86 in chips) 
Seat 4: crmLL (€11.49 in chips) 
Seat 5: PauloATDias (€4.50 in chips) 
Seat 6: Bestiote (€1.60 in chips) 
calopoker_10: posts small blind €0.02
ElThepo: posts big blind €0.05
*** HOLE CARDS ***
Dealt to idealistslp [4d 7d]
crmLL: folds 
PauloATDias: folds 
Bestiote: folds 
idealistslp: folds 
calopoker_10: raises €0.10 to €0.15
ElThepo: folds 
Uncalled bet (€0.10) returned to calopoker_10
calopoker_10 collected €0.10 from pot
calopoker_10: doesn't show hand 
*** SUMMARY ***
Total pot €0.10 | Rake €0 
Seat 1: idealistslp (button) folded before Flop (didn't bet)
Seat 2: calopoker_10 (small blind) collected (€0.10)
Seat 3: ElThepo (big blind) folded before Flop
Seat 4: crmLL folded before Flop (didn't bet)
Seat 5: PauloATDias folded before Flop (didn't bet)
Seat 6: Bestiote folded before Flop (didn't bet)



PokerStars Zoom Hand #259354352994:  Hold'em No Limit (€0.02/€0.05) - 2026/01/17 22:57:53 CET [2026/01/17 16:57:53 ET]
Table 'Asterope' 6-max Seat #1 is the button
Seat 1: baggio422 (€6.07 in chips) 
Seat 2: idealistslp (€3.95 in chips) 
Seat 3: ATOJ5 (€2.57 in chips) 
Seat 4: crmLL (€13.70 in chips) 
Seat 5: smrj1976 (€11.11 in chips) 
Seat 6: Cathaysanauz (€5.16 in chips) 
idealistslp: posts small blind €0.02
ATOJ5: posts big blind €0.05
*** HOLE CARDS ***
Dealt to idealistslp [Qc Ts]
crmLL: folds 
smrj1976: folds 
Cathaysanauz: raises €0.10 to €0.15
baggio422: calls €0.15
idealistslp: calls €0.13
ATOJ5: folds 
*** FLOP *** [2s Kh Kc]
idealistslp: bets €0.24
Cathaysanauz: folds 
baggio422: calls €0.24
*** TURN *** [2s Kh Kc] [7c]
idealistslp: checks 
baggio422: checks 
*** RIVER *** [2s Kh Kc 7c] [6h]
idealistslp: checks 
baggio422: checks 
*** SHOW DOWN ***
idealistslp: shows [Qc Ts] (a pair of Kings)
baggio422: shows [Jc Jd] (two pair, Kings and Jacks)
baggio422 collected €0.93 from pot
*** SUMMARY ***
Total pot €0.98 | Rake €0.05 
Board [2s Kh Kc 7c 6h]
Seat 1: baggio422 (button) showed [Jc Jd] and won (€0.93) with two pair, Kings and Jacks
Seat 2: idealistslp (small blind) showed [Qc Ts] and lost with a pair of Kings
Seat 3: ATOJ5 (big blind) folded before Flop
Seat 4: crmLL folded before Flop (didn't bet)
Seat 5: smrj1976 folded before Flop (didn't bet)
Seat 6: Cathaysanauz folded on the Flop



PokerStars Zoom Hand #259354362676:  Hold'em No Limit (€0.02/€0.05) - 2026/01/17 22:58:51 CET [2026/01/17 16:58:51 ET]
Table 'Asterope' 6-max Seat #1 is the button
Seat 1: Sophistês (€5.10 in chips) 
Seat 2: cirsa888 (€3.70 in chips) 
Seat 3: ElThepo (€3.67 in chips) 
Seat 4: Pecadorll (€2.38 in chips) 
Seat 5: idealistslp (€3.56 in chips) 
Seat 6: LA_YERBA_GUAY (€2.04 in chips) 
cirsa888: posts small blind €0.02
ElThepo: posts big blind €0.05
*** HOLE CARDS ***
Dealt to idealistslp [8c 3s]
Pecadorll: raises €0.10 to €0.15
idealistslp: folds 
LA_YERBA_GUAY: folds 
Sophistês: folds 
cirsa888: folds 
ElThepo: folds 
Uncalled bet (€0.10) returned to Pecadorll
Pecadorll collected €0.12 from pot
Pecadorll: doesn't show hand 
*** SUMMARY ***
Total pot €0.12 | Rake €0 
Seat 1: Sophistês (button) folded before Flop (didn't bet)
Seat 2: cirsa888 (small blind) folded before Flop
Seat 3: ElThepo (big blind) folded before Flop
Seat 4: Pecadorll collected (€0.12)
Seat 5: idealistslp folded before Flop (didn't bet)
Seat 6: LA_YERBA_GUAY folded before Flop (didn't bet)



PokerStars Zoom Hand #259354361830:  Hold'em No Limit (€0.02/€0.05) - 2026/01/17 22:58:46 CET [2026/01/17 16:58:46 ET]
Table 'Asterope' 6-max Seat #1 is the button
Seat 1: lorocontento (€1.96 in chips) 
Seat 2: afanasius (€5 in chips) 
Seat 3: cirsa888 (€7.58 in chips) 
Seat 4: nicotrollier (€5.52 in chips) 
Seat 5: Sophistês (€5.41 in chips) 
Seat 6: idealistslp (€3.56 in chips) 
afanasius: posts small blind €0.02
cirsa888: posts big blind €0.05
*** HOLE CARDS ***
Dealt to idealistslp [7c 2d]
nicotrollier: folds 
Sophistês: folds 
idealistslp: folds 
lorocontento: folds 
afanasius: raises €0.12 to €0.17
cirsa888: folds 
Uncalled bet (€0.12) returned to afanasius
afanasius collected €0.10 from pot
afanasius: doesn't show hand 
*** SUMMARY ***
Total pot €0.10 | Rake €0 
Seat 1: lorocontento (button) folded before Flop (didn't bet)
Seat 2: afanasius (small blind) collected (€0.10)
Seat 3: cirsa888 (big blind) folded before Flop
Seat 4: nicotrollier folded before Flop (didn't bet)
Seat 5: Sophistês folded before Flop (didn't bet)
Seat 6: idealistslp folded before Flop (didn't bet)



PokerStars Zoom Hand #259354364260:  Hold'em No Limit (€0.02/€0.05) - 2026/01/17 22:59:00 CET [2026/01/17 16:59:00 ET]
Table 'Asterope' 6-max Seat #1 is the button
Seat 1: LAPeriferia (€24.21 in chips) 
Seat 2: llodio (€6.32 in chips) 
Seat 3: ATOJ5 (€4.14 in chips) 
Seat 4: idealistslp (€3.56 in chips) 
Seat 5: pisuleto (€6.47 in chips) 
Seat 6: calopoker_10 (€7.02 in chips) 
llodio: posts small blind €0.02
ATOJ5: posts big blind €0.05
*** HOLE CARDS ***
Dealt to idealistslp [Kc Qd]
idealistslp: raises €0.05 to €0.10
pisuleto: folds 
calopoker_10: folds 
LAPeriferia: folds 
llodio: folds 
ATOJ5: folds 
Uncalled bet (€0.05) returned to idealistslp
idealistslp collected €0.12 from pot
idealistslp: doesn't show hand 
*** SUMMARY ***
Total pot €0.12 | Rake €0 
Seat 1: LAPeriferia (button) folded before Flop (didn't bet)
Seat 2: llodio (small blind) folded before Flop
Seat 3: ATOJ5 (big blind) folded before Flop
Seat 4: idealistslp collected (€0.12)
Seat 5: pisuleto folded before Flop (didn't bet)
Seat 6: calopoker_10 folded before Flop (didn't bet)



PokerStars Zoom Hand #259354367369:  Hold'em No Limit (€0.02/€0.05) - 2026/01/17 22:59:20 CET [2026/01/17 16:59:20 ET]
Table 'Asterope' 6-max Seat #1 is the button
Seat 1: Megiusftv (€5 in chips) 
Seat 2: Cathaysanauz (€5.02 in chips) 
Seat 3: idealistslp (€3.63 in chips) 
Seat 4: Cat&Me (€5.49 in chips) 
Seat 5: SOYPACO11 (€4.93 in chips) 
Seat 6: santamarier (€6.28 in chips) 
Cathaysanauz: posts small blind €0.02
idealistslp: posts big blind €0.05
*** HOLE CARDS ***
Dealt to idealistslp [6c Js]
Cat&Me: folds 
SOYPACO11: folds 
santamarier: folds 
Megiusftv: raises €0.10 to €0.15
Cathaysanauz: folds 
idealistslp: folds 
Uncalled bet (€0.10) returned to Megiusftv
Megiusftv collected €0.12 from pot
Megiusftv: doesn't show hand 
*** SUMMARY ***
Total pot €0.12 | Rake €0 
Seat 1: Megiusftv (button) collected (€0.12)
Seat 2: Cathaysanauz (small blind) folded before Flop
Seat 3: idealistslp (big blind) folded before Flop
Seat 4: Cat&Me folded before Flop (didn't bet)
Seat 5: SOYPACO11 folded before Flop (didn't bet)
Seat 6: santamarier folded before Flop (didn't bet)



PokerStars Zoom Hand #259354363256:  Hold'em No Limit (€0.02/€0.05) - 2026/01/17 22:58:54 CET [2026/01/17 16:58:54 ET]
Table 'Asterope' 6-max Seat #1 is the button
Seat 1: Cathaysanauz (€5 in chips) 
Seat 2: Penafcp (€4.20 in chips) 
Seat 3: xXmonymakerXx (€2.89 in chips) 
Seat 4: smrj1976 (€11.06 in chips) 
Seat 5: chancara (€4.04 in chips) 
Seat 6: idealistslp (€3.56 in chips) 
Penafcp: posts small blind €0.02
xXmonymakerXx: posts big blind €0.05
*** HOLE CARDS ***
Dealt to idealistslp [Jc 8s]
smrj1976: folds 
chancara: folds 
idealistslp: folds 
Cathaysanauz: raises €0.10 to €0.15
Penafcp: folds 
xXmonymakerXx: raises €0.10 to €0.25
Cathaysanauz: calls €0.10
*** FLOP *** [Kc Js Qh]
xXmonymakerXx: bets €0.05
Cathaysanauz: raises €0.30 to €0.35
xXmonymakerXx: calls €0.30
*** TURN *** [Kc Js Qh] [Ah]
xXmonymakerXx: checks 
Cathaysanauz: bets €0.38
xXmonymakerXx: raises €1.91 to €2.29 and is all-in
Cathaysanauz: calls €1.91
*** RIVER *** [Kc Js Qh Ah] [3s]
*** SHOW DOWN ***
xXmonymakerXx: shows [5c Th] (a straight, Ten to Ace)
Cathaysanauz: shows [Td Ad] (a straight, Ten to Ace)
xXmonymakerXx collected €2.76 from pot
Cathaysanauz collected €2.75 from pot
*** SUMMARY ***
Total pot €5.80 | Rake €0.29 
Board [Kc Js Qh Ah 3s]
Seat 1: Cathaysanauz (button) showed [Td Ad] and won (€2.75) with a straight, Ten to Ace
Seat 2: Penafcp (small blind) folded before Flop
Seat 3: xXmonymakerXx (big blind) showed [5c Th] and won (€2.76) with a straight, Ten to Ace
Seat 4: smrj1976 folded before Flop (didn't bet)
Seat 5: chancara folded before Flop (didn't bet)
Seat 6: idealistslp folded before Flop (didn't bet)



PokerStars Zoom Hand #259354369545:  Hold'em No Limit (€0.02/€0.05) - 2026/01/17 22:59:32 CET [2026/01/17 16:59:32 ET]
Table 'Asterope' 6-max Seat #1 is the button
Seat 1: P-BRUTUS (€3.31 in chips) 
Seat 2: idealistslp (€3.58 in chips) 
Seat 3: Penafcp (€4.23 in chips) 
Seat 4: Castillejo117 (€5 in chips) 
Seat 5: la señora (€3.59 in chips) 
Seat 6: Joueur974 (€3.07 in chips) 
idealistslp: posts small blind €0.02
Penafcp: posts big blind €0.05
*** HOLE CARDS ***
Dealt to idealistslp [7d Th]
Castillejo117: folds 
la señora: raises €0.10 to €0.15
Joueur974: folds 
P-BRUTUS: calls €0.15
idealistslp: folds 
Penafcp: folds 
*** FLOP *** [8s 6d 8c]
la señora: bets €0.15
P-BRUTUS: calls €0.15
*** TURN *** [8s 6d 8c] [3h]
la señora: checks 
P-BRUTUS: bets €0.17
la señora: folds 
Uncalled bet (€0.17) returned to P-BRUTUS
P-BRUTUS collected €0.64 from pot
P-BRUTUS: doesn't show hand 
*** SUMMARY ***
Total pot €0.67 | Rake €0.03 
Board [8s 6d 8c 3h]
Seat 1: P-BRUTUS (button) collected (€0.64)
Seat 2: idealistslp (small blind) folded before Flop
Seat 3: Penafcp (big blind) folded before Flop
Seat 4: Castillejo117 folded before Flop (didn't bet)
Seat 5: la señora folded on the Turn
Seat 6: Joueur974 folded before Flop (didn't bet)



PokerStars Zoom Hand #259354374880:  Hold'em No Limit (€0.02/€0.05) - 2026/01/17 23:00:03 CET [2026/01/17 17:00:03 ET]
Table 'Asterope' 6-max Seat #1 is the button
Seat 1: ATOJ5 (€4.50 in chips) 
Seat 2: Raditz-Z84 (€10.58 in chips) 
Seat 3: idealistslp (€3.46 in chips) 
Seat 4: kastlemoney (€5.90 in chips) 
Seat 5: santamarier (€6.11 in chips) 
Seat 6: oscarmol (€7.06 in chips) 
Raditz-Z84: posts small blind €0.02
idealistslp: posts big blind €0.05
*** HOLE CARDS ***
Dealt to idealistslp [7d 4h]
kastlemoney: folds 
santamarier: folds 
oscarmol: folds 
ATOJ5: raises €0.07 to €0.12
Raditz-Z84: folds 
idealistslp: folds 
Uncalled bet (€0.07) returned to ATOJ5
ATOJ5 collected €0.12 from pot
ATOJ5: doesn't show hand 
*** SUMMARY ***
Total pot €0.12 | Rake €0 
Seat 1: ATOJ5 (button) collected (€0.12)
Seat 2: Raditz-Z84 (small blind) folded before Flop
Seat 3: idealistslp (big blind) folded before Flop
Seat 4: kastlemoney folded before Flop (didn't bet)
Seat 5: santamarier folded before Flop (didn't bet)
Seat 6: oscarmol folded before Flop (didn't bet)



PokerStars Zoom Hand #259354370215:  Hold'em No Limit (€0.02/€0.05) - 2026/01/17 22:59:36 CET [2026/01/17 16:59:36 ET]
Table 'Asterope' 6-max Seat #1 is the button
Seat 1: idealistslp (€3.56 in chips) 
Seat 2: calopoker_10 (€16.68 in chips) 
Seat 3: TerBett (€3.79 in chips) 
Seat 4: Castillejo117 (€5 in chips) 
Seat 5: Galapian2 (€5.14 in chips) 
Seat 6: Portugalkin2025 (€13.85 in chips) 
calopoker_10: posts small blind €0.02
TerBett: posts big blind €0.05
*** HOLE CARDS ***
Dealt to idealistslp [Ts Jh]
Castillejo117: folds 
Galapian2: raises €0.05 to €0.10
Portugalkin2025: folds 
idealistslp: calls €0.10
calopoker_10: raises €0.20 to €0.30
TerBett: folds 
Galapian2: calls €0.20
idealistslp: folds 
*** FLOP *** [4h 7h 9h]
calopoker_10: checks 
Galapian2: checks 
*** TURN *** [4h 7h 9h] [7d]
calopoker_10: bets €0.36
Galapian2: calls €0.36
*** RIVER *** [4h 7h 9h 7d] [4s]
calopoker_10: bets €0.70
Galapian2: folds 
Uncalled bet (€0.70) returned to calopoker_10
calopoker_10 collected €1.40 from pot
calopoker_10: doesn't show hand 
*** SUMMARY ***
Total pot €1.47 | Rake €0.07 
Board [4h 7h 9h 7d 4s]
Seat 1: idealistslp (button) folded before Flop
Seat 2: calopoker_10 (small blind) collected (€1.40)
Seat 3: TerBett (big blind) folded before Flop
Seat 4: Castillejo117 folded before Flop (didn't bet)
Seat 5: Galapian2 folded on the River
Seat 6: Portugalkin2025 folded before Flop (didn't bet)



PokerStars Zoom Hand #259354376179:  Hold'em No Limit (€0.02/€0.05) - 2026/01/17 23:00:11 CET [2026/01/17 17:00:11 ET]
Table 'Asterope' 6-max Seat #1 is the button
Seat 1: kastlemoney (€5.90 in chips) 
Seat 2: TerBett (€3.74 in chips) 
Seat 3: olijmandrea (€5.78 in chips) 
Seat 4: idealistslp (€3.41 in chips) 
Seat 5: Portugalkin2025 (€13.78 in chips) 
Seat 6: monsieur881 (€6.81 in chips) 
TerBett: posts small blind €0.02
olijmandrea: posts big blind €0.05
*** HOLE CARDS ***
Dealt to idealistslp [2h 8c]
idealistslp: folds 
Portugalkin2025: folds 
monsieur881: folds 
kastlemoney: raises €0.07 to €0.12
TerBett: folds 
olijmandrea: folds 
Uncalled bet (€0.07) returned to kastlemoney
kastlemoney collected €0.12 from pot
kastlemoney: doesn't show hand 
*** SUMMARY ***
Total pot €0.12 | Rake €0 
Seat 1: kastlemoney (button) collected (€0.12)
Seat 2: TerBett (small blind) folded before Flop
Seat 3: olijmandrea (big blind) folded before Flop
Seat 4: idealistslp folded before Flop (didn't bet)
Seat 5: Portugalkin2025 folded before Flop (didn't bet)
Seat 6: monsieur881 folded before Flop (didn't bet)



PokerStars Zoom Hand #259354377343:  Hold'em No Limit (€0.02/€0.05) - 2026/01/17 23:00:18 CET [2026/01/17 17:00:18 ET]
Table 'Asterope' 6-max Seat #1 is the button
Seat 1: cirsa888 (€3.61 in chips) 
Seat 2: ATOJ5 (€4.57 in chips) 
Seat 3: Jac-58 (€5.17 in chips) 
Seat 4: idealistslp (€3.39 in chips) 
Seat 5: MaxTitiNanus (€2.31 in chips) 
Seat 6: Galapian2 (€4.48 in chips) 
ATOJ5: posts small blind €0.02
Jac-58: posts big blind €0.05
*** HOLE CARDS ***
Dealt to idealistslp [2s 7d]
idealistslp: folds 
MaxTitiNanus: folds 
Galapian2: folds 
cirsa888: folds 
ATOJ5: folds 
Uncalled bet (€0.03) returned to Jac-58
Jac-58 collected €0.04 from pot
Jac-58: doesn't show hand 
*** SUMMARY ***
Total pot €0.04 | Rake €0 
Seat 1: cirsa888 (button) folded before Flop (didn't bet)
Seat 2: ATOJ5 (small blind) folded before Flop
Seat 3: Jac-58 (big blind) collected (€0.04)
Seat 4: idealistslp folded before Flop (didn't bet)
Seat 5: MaxTitiNanus folded before Flop (didn't bet)
Seat 6: Galapian2 folded before Flop (didn't bet)



PokerStars Zoom Hand #259354378202:  Hold'em No Limit (€0.02/€0.05) - 2026/01/17 23:00:23 CET [2026/01/17 17:00:23 ET]
Table 'Asterope' 6-max Seat #1 is the button
Seat 1: idealistslp (€3.39 in chips) 
Seat 2: titi58250 (€4.85 in chips) 
Seat 3: LEXTORMUR (€4 in chips) 
Seat 4: Sophistês (€5.27 in chips) 
Seat 5: calopoker_10 (€17.42 in chips) 
Seat 6: cirsa888 (€3.61 in chips) 
titi58250: posts small blind €0.02
LEXTORMUR: posts big blind €0.05
*** HOLE CARDS ***
Dealt to idealistslp [5d Td]
Sophistês: folds 
calopoker_10: folds 
cirsa888: folds 
idealistslp: folds 
titi58250: calls €0.03
LEXTORMUR: raises €0.10 to €0.15
titi58250: folds 
Uncalled bet (€0.10) returned to LEXTORMUR
LEXTORMUR collected €0.10 from pot
LEXTORMUR: doesn't show hand 
*** SUMMARY ***
Total pot €0.10 | Rake €0 
Seat 1: idealistslp (button) folded before Flop (didn't bet)
Seat 2: titi58250 (small blind) folded before Flop
Seat 3: LEXTORMUR (big blind) collected (€0.10)
Seat 4: Sophistês folded before Flop (didn't bet)
Seat 5: calopoker_10 folded before Flop (didn't bet)
Seat 6: cirsa888 folded before Flop (didn't bet)



PokerStars Zoom Hand #259354373899:  Hold'em No Limit (€0.02/€0.05) - 2026/01/17 22:59:58 CET [2026/01/17 16:59:58 ET]
Table 'Asterope' 6-max Seat #1 is the button
Seat 1: TerBett (€2.87 in chips) 
Seat 2: nicotrollier (€5.27 in chips) 
Seat 3: calopoker_10 (€6.97 in chips) 
Seat 4: dream bifima (€7.25 in chips) 
Seat 5: idealistslp (€3.46 in chips) 
Seat 6: SOYPACO11 (€9.70 in chips) 
nicotrollier: posts small blind €0.02
calopoker_10: posts big blind €0.05
*** HOLE CARDS ***
Dealt to idealistslp [3d 6s]
dream bifima: folds 
idealistslp: folds 
SOYPACO11: folds 
TerBett: raises €0.05 to €0.10
nicotrollier: folds 
calopoker_10: raises €0.20 to €0.30
TerBett: calls €0.20
*** FLOP *** [4c 6d Qc]
calopoker_10: bets €0.19
TerBett: calls €0.19
*** TURN *** [4c 6d Qc] [8h]
calopoker_10: bets €0.48
TerBett: folds 
Uncalled bet (€0.48) returned to calopoker_10
calopoker_10 collected €0.95 from pot
calopoker_10: doesn't show hand 
*** SUMMARY ***
Total pot €1 | Rake €0.05 
Board [4c 6d Qc 8h]
Seat 1: TerBett (button) folded on the Turn
Seat 2: nicotrollier (small blind) folded before Flop
Seat 3: calopoker_10 (big blind) collected (€0.95)
Seat 4: dream bifima folded before Flop (didn't bet)
Seat 5: idealistslp folded before Flop (didn't bet)
Seat 6: SOYPACO11 folded before Flop (didn't bet)



PokerStars Zoom Hand #259354378924:  Hold'em No Limit (€0.02/€0.05) - 2026/01/17 23:00:27 CET [2026/01/17 17:00:27 ET]
Table 'Asterope' 6-max Seat #1 is the button
Seat 1: Tonypi27 (€1.72 in chips) 
Seat 2: kastlemoney (€5.97 in chips) 
Seat 3: ATOJ5 (€4.55 in chips) 
Seat 4: cirsa888 (€3.61 in chips) 
Seat 5: xXmonymakerXx (€3.01 in chips) 
Seat 6: idealistslp (€3.39 in chips) 
kastlemoney: posts small blind €0.02
ATOJ5: posts big blind €0.05
*** HOLE CARDS ***
Dealt to idealistslp [8h 4s]
cirsa888: raises €0.07 to €0.12
xXmonymakerXx: calls €0.12
idealistslp: folds 
Tonypi27: folds 
kastlemoney: folds 
ATOJ5: calls €0.07
*** FLOP *** [Kh Th 2d]
ATOJ5: checks 
cirsa888: checks 
xXmonymakerXx: bets €0.05
ATOJ5: calls €0.05
cirsa888: folds 
*** TURN *** [Kh Th 2d] [Tc]
ATOJ5: checks 
xXmonymakerXx: bets €0.05
ATOJ5: calls €0.05
*** RIVER *** [Kh Th 2d Tc] [Kd]
ATOJ5: checks 
xXmonymakerXx: bets €0.10
ATOJ5: calls €0.10
*** SHOW DOWN ***
xXmonymakerXx: shows [Ac 2s] (two pair, Kings and Tens)
ATOJ5: shows [Jc Ad] (two pair, Kings and Tens)
ATOJ5 collected €0.37 from pot
xXmonymakerXx collected €0.37 from pot
*** SUMMARY ***
Total pot €0.78 | Rake €0.04 
Board [Kh Th 2d Tc Kd]
Seat 1: Tonypi27 (button) folded before Flop (didn't bet)
Seat 2: kastlemoney (small blind) folded before Flop
Seat 3: ATOJ5 (big blind) showed [Jc Ad] and won (€0.37) with two pair, Kings and Tens
Seat 4: cirsa888 folded on the Flop
Seat 5: xXmonymakerXx showed [Ac 2s] and won (€0.37) with two pair, Kings and Tens
Seat 6: idealistslp folded before Flop (didn't bet)



PokerStars Zoom Hand #259354376815:  Hold'em No Limit (€0.02/€0.05) - 2026/01/17 23:00:15 CET [2026/01/17 17:00:15 ET]
Table 'Asterope' 6-max Seat #1 is the button
Seat 1: Raditz-Z84 (€10.56 in chips) 
Seat 2: idealistslp (€3.41 in chips) 
Seat 3: ElBartender33 (€9.88 in chips) 
Seat 4: llodio (€9.95 in chips) 
Seat 5: trumoan (€4.72 in chips) 
Seat 6: Castillejo117 (€5 in chips) 
idealistslp: posts small blind €0.02
ElBartender33: posts big blind €0.05
*** HOLE CARDS ***
Dealt to idealistslp [9d 7h]
llodio: raises €0.10 to €0.15
trumoan: folds 
Castillejo117: folds 
Raditz-Z84: folds 
idealistslp: folds 
ElBartender33: calls €0.10
*** FLOP *** [Js 4d Jh]
ElBartender33: checks 
llodio: checks 
*** TURN *** [Js 4d Jh] [8d]
ElBartender33: checks 
llodio: bets €0.15
ElBartender33: folds 
Uncalled bet (€0.15) returned to llodio
llodio collected €0.30 from pot
llodio: doesn't show hand 
*** SUMMARY ***
Total pot €0.32 | Rake €0.02 
Board [Js 4d Jh 8d]
Seat 1: Raditz-Z84 (button) folded before Flop (didn't bet)
Seat 2: idealistslp (small blind) folded before Flop
Seat 3: ElBartender33 (big blind) folded on the Turn
Seat 4: llodio collected (€0.30)
Seat 5: trumoan folded before Flop (didn't bet)
Seat 6: Castillejo117 folded before Flop (didn't bet)



PokerStars Zoom Hand #259354379425:  Hold'em No Limit (€0.02/€0.05) - 2026/01/17 23:00:29 CET [2026/01/17 17:00:29 ET]
Table 'Asterope' 6-max Seat #1 is the button
Seat 1: SOYPACO11 (€9.75 in chips) 
Seat 2: idealistslp (€3.39 in chips) 
Seat 3: pisuleto (€6.13 in chips) 
Seat 4: LEXTORMUR (€4 in chips) 
Seat 5: prouchte (€5.39 in chips) 
Seat 6: BurpeeBroadJump (€3.69 in chips) 
idealistslp: posts small blind €0.02
pisuleto: posts big blind €0.05
*** HOLE CARDS ***
Dealt to idealistslp [Jh Ah]
LEXTORMUR: folds 
prouchte: raises €0.05 to €0.10
BurpeeBroadJump: folds 
SOYPACO11: calls €0.10
idealistslp: calls €0.08
pisuleto: folds 
*** FLOP *** [3s Jd 8s]
idealistslp: bets €0.17
prouchte: folds 
SOYPACO11: calls €0.17
*** TURN *** [3s Jd 8s] [Qh]
idealistslp: bets €0.33
SOYPACO11: calls €0.33
*** RIVER *** [3s Jd 8s Qh] [8c]
idealistslp: checks 
SOYPACO11: checks 
*** SHOW DOWN ***
idealistslp: shows [Jh Ah] (two pair, Jacks and Eights)
SOYPACO11: mucks hand 
idealistslp collected €1.28 from pot
*** SUMMARY ***
Total pot €1.35 | Rake €0.07 
Board [3s Jd 8s Qh 8c]
Seat 1: SOYPACO11 (button) mucked [Js Kc]
Seat 2: idealistslp (small blind) showed [Jh Ah] and won (€1.28) with two pair, Jacks and Eights
Seat 3: pisuleto (big blind) folded before Flop
Seat 4: LEXTORMUR folded before Flop (didn't bet)
Seat 5: prouchte folded on the Flop
Seat 6: BurpeeBroadJump folded before Flop (didn't bet)



PokerStars Zoom Hand #259354392812:  Hold'em No Limit (€0.02/€0.05) - 2026/01/17 23:01:34 CET [2026/01/17 17:01:34 ET]
Table 'Asterope' 6-max Seat #1 is the button
Seat 1: idealistslp (€4.07 in chips) 
Seat 2: Sophistês (€5.19 in chips) 
Seat 3: Cat&Me (€6.61 in chips) 
Seat 4: ManoelCR (€1.82 in chips) 
Seat 5: Megiusftv (€5 in chips) 
Seat 6: Janpaul112 (€5 in chips) 
Sophistês: posts small blind €0.02
Cat&Me: posts big blind €0.05
*** HOLE CARDS ***
Dealt to idealistslp [7h Kd]
ManoelCR: folds 
Megiusftv: raises €0.10 to €0.15
Janpaul112: folds 
idealistslp: calls €0.15
Sophistês: folds 
Cat&Me: folds 
*** FLOP *** [3c Qh Kc]
Megiusftv: bets €0.23
idealistslp: calls €0.23
*** TURN *** [3c Qh Kc] [9s]
Megiusftv: bets €0.45
idealistslp: folds 
Uncalled bet (€0.45) returned to Megiusftv
Megiusftv collected €0.79 from pot
Megiusftv: doesn't show hand 
*** SUMMARY ***
Total pot €0.83 | Rake €0.04 
Board [3c Qh Kc 9s]
Seat 1: idealistslp (button) folded on the Turn
Seat 2: Sophistês (small blind) folded before Flop
Seat 3: Cat&Me (big blind) folded before Flop
Seat 4: ManoelCR folded before Flop (didn't bet)
Seat 5: Megiusftv collected (€0.79)
Seat 6: Janpaul112 folded before Flop (didn't bet)



PokerStars Zoom Hand #259354405389:  Hold'em No Limit (€0.02/€0.05) - 2026/01/17 23:02:25 CET [2026/01/17 17:02:25 ET]
Table 'Asterope' 6-max Seat #1 is the button
Seat 1: nicotrollier (€4.51 in chips) 
Seat 2: Janpaul112 (€5 in chips) 
Seat 3: idealistslp (€3.69 in chips) 
Seat 4: LAPeriferia (€5 in chips) 
Seat 5: Bestiote (€1.46 in chips) 
Seat 6: jash1945 (€4.62 in chips) 
Janpaul112: posts small blind €0.02
idealistslp: posts big blind €0.05
*** HOLE CARDS ***
Dealt to idealistslp [As Qh]
LAPeriferia has timed out
LAPeriferia: folds 
Bestiote: folds 
jash1945: folds 
nicotrollier: folds 
Janpaul112: folds 
Uncalled bet (€0.03) returned to idealistslp
idealistslp collected €0.04 from pot
idealistslp: doesn't show hand 
*** SUMMARY ***
Total pot €0.04 | Rake €0 
Seat 1: nicotrollier (button) folded before Flop (didn't bet)
Seat 2: Janpaul112 (small blind) folded before Flop
Seat 3: idealistslp (big blind) collected (€0.04)
Seat 4: LAPeriferia folded before Flop (didn't bet)
Seat 5: Bestiote folded before Flop (didn't bet)
Seat 6: jash1945 folded before Flop (didn't bet)



PokerStars Zoom Hand #259354410610:  Hold'em No Limit (€0.02/€0.05) - 2026/01/17 23:02:47 CET [2026/01/17 17:02:47 ET]
Table 'Asterope' 6-max Seat #1 is the button
Seat 1: SOYPACO11 (€8.62 in chips) 
Seat 2: Cathaysanauz (€5.29 in chips) 
Seat 3: chancara (€3.92 in chips) 
Seat 4: llodio (€9.98 in chips) 
Seat 5: idealistslp (€3.71 in chips) 
Seat 6: nunofasousa2021 (€5.41 in chips) 
Cathaysanauz: posts small blind €0.02
chancara: posts big blind €0.05
*** HOLE CARDS ***
Dealt to idealistslp [8d 7c]
llodio: raises €0.10 to €0.15
idealistslp: folds 
nunofasousa2021: folds 
SOYPACO11: folds 
Cathaysanauz: folds 
chancara: folds 
Uncalled bet (€0.10) returned to llodio
llodio collected €0.12 from pot
llodio: doesn't show hand 
*** SUMMARY ***
Total pot €0.12 | Rake €0 
Seat 1: SOYPACO11 (button) folded before Flop (didn't bet)
Seat 2: Cathaysanauz (small blind) folded before Flop
Seat 3: chancara (big blind) folded before Flop
Seat 4: llodio collected (€0.12)
Seat 5: idealistslp folded before Flop (didn't bet)
Seat 6: nunofasousa2021 folded before Flop (didn't bet)



PokerStars Zoom Hand #259354411796:  Hold'em No Limit (€0.02/€0.05) - 2026/01/17 23:02:52 CET [2026/01/17 17:02:52 ET]
Table 'Asterope' 6-max Seat #1 is the button
Seat 1: toni290178 (€4.73 in chips) 
Seat 2: chancara (€3.87 in chips) 
Seat 3: Portugalkin2025 (€13.25 in chips) 
Seat 4: idealistslp (€3.71 in chips) 
Seat 5: santamarier (€5.20 in chips) 
Seat 6: Grifffe (€11.66 in chips) 
chancara: posts small blind €0.02
Portugalkin2025: posts big blind €0.05
*** HOLE CARDS ***
Dealt to idealistslp [2s 3d]
idealistslp: folds 
santamarier: folds 
Grifffe: folds 
toni290178: folds 
chancara: folds 
Uncalled bet (€0.03) returned to Portugalkin2025
Portugalkin2025 collected €0.04 from pot
Portugalkin2025: doesn't show hand 
*** SUMMARY ***
Total pot €0.04 | Rake €0 
Seat 1: toni290178 (button) folded before Flop (didn't bet)
Seat 2: chancara (small blind) folded before Flop
Seat 3: Portugalkin2025 (big blind) collected (€0.04)
Seat 4: idealistslp folded before Flop (didn't bet)
Seat 5: santamarier folded before Flop (didn't bet)
Seat 6: Grifffe folded before Flop (didn't bet)



PokerStars Zoom Hand #259354412508:  Hold'em No Limit (€0.02/€0.05) - 2026/01/17 23:02:55 CET [2026/01/17 17:02:55 ET]
Table 'Asterope' 6-max Seat #1 is the button
Seat 1: Cat&Me (€6.56 in chips) 
Seat 2: ElBartender33 (€5.45 in chips) 
Seat 3: SOYPACO11 (€8.62 in chips) 
Seat 4: LAPeriferia (€5.54 in chips) 
Seat 5: Bamm6 (€4.25 in chips) 
Seat 6: idealistslp (€3.71 in chips) 
ElBartender33: posts small blind €0.02
SOYPACO11: posts big blind €0.05
*** HOLE CARDS ***
Dealt to idealistslp [Ac Ad]
LAPeriferia: folds 
Bamm6: folds 
idealistslp: calls €0.05
Cat&Me: folds 
ElBartender33: folds 
SOYPACO11: checks 
*** FLOP *** [Qd 4h 7d]
SOYPACO11: checks 
idealistslp: bets €0.11
SOYPACO11: folds 
Uncalled bet (€0.11) returned to idealistslp
idealistslp collected €0.11 from pot
idealistslp: doesn't show hand 
*** SUMMARY ***
Total pot €0.12 | Rake €0.01 
Board [Qd 4h 7d]
Seat 1: Cat&Me (button) folded before Flop (didn't bet)
Seat 2: ElBartender33 (small blind) folded before Flop
Seat 3: SOYPACO11 (big blind) folded on the Flop
Seat 4: LAPeriferia folded before Flop (didn't bet)
Seat 5: Bamm6 folded before Flop (didn't bet)
Seat 6: idealistslp collected (€0.11)



PokerStars Zoom Hand #259354421800:  Hold'em No Limit (€0.02/€0.05) - 2026/01/17 23:03:32 CET [2026/01/17 17:03:32 ET]
Table 'Asterope' 6-max Seat #1 is the button
Seat 1: Galapian2 (€1.21 in chips) 
Seat 2: idealistslp (€3.77 in chips) 
Seat 3: Raditz-Z84 (€9.13 in chips) 
Seat 4: bufu92 (€6.42 in chips) 
Seat 5: LAPeriferia (€23.10 in chips) 
Seat 6: ATOJ5 (€5 in chips) 
idealistslp: posts small blind €0.02
Raditz-Z84: posts big blind €0.05
*** HOLE CARDS ***
Dealt to idealistslp [Js 2h]
bufu92: folds 
LAPeriferia: folds 
ATOJ5: raises €0.07 to €0.12
Galapian2: folds 
idealistslp: folds 
Raditz-Z84: folds 
Uncalled bet (€0.07) returned to ATOJ5
ATOJ5 collected €0.12 from pot
ATOJ5: doesn't show hand 
*** SUMMARY ***
Total pot €0.12 | Rake €0 
Seat 1: Galapian2 (button) folded before Flop (didn't bet)
Seat 2: idealistslp (small blind) folded before Flop
Seat 3: Raditz-Z84 (big blind) folded before Flop
Seat 4: bufu92 folded before Flop (didn't bet)
Seat 5: LAPeriferia folded before Flop (didn't bet)
Seat 6: ATOJ5 collected (€0.12)



PokerStars Zoom Hand #259354419377:  Hold'em No Limit (€0.02/€0.05) - 2026/01/17 23:03:22 CET [2026/01/17 17:03:22 ET]
Table 'Asterope' 6-max Seat #1 is the button
Seat 1: saintblair (€5.15 in chips) 
Seat 2: Penafcp (€3.89 in chips) 
Seat 3: jafonsso (€6.82 in chips) 
Seat 4: Galapian2 (€1.21 in chips) 
Seat 5: LAPeriferia (€5.52 in chips) 
Seat 6: idealistslp (€3.77 in chips) 
Penafcp: posts small blind €0.02
jafonsso: posts big blind €0.05
*** HOLE CARDS ***
Dealt to idealistslp [4h 7h]
Galapian2: folds 
LAPeriferia: folds 
idealistslp: folds 
saintblair: raises €0.05 to €0.10
Penafcp: folds 
jafonsso: folds 
Uncalled bet (€0.05) returned to saintblair
saintblair collected €0.12 from pot
saintblair: doesn't show hand 
*** SUMMARY ***
Total pot €0.12 | Rake €0 
Seat 1: saintblair (button) collected (€0.12)
Seat 2: Penafcp (small blind) folded before Flop
Seat 3: jafonsso (big blind) folded before Flop
Seat 4: Galapian2 folded before Flop (didn't bet)
Seat 5: LAPeriferia folded before Flop (didn't bet)
Seat 6: idealistslp folded before Flop (didn't bet)



PokerStars Zoom Hand #259354424596:  Hold'em No Limit (€0.02/€0.05) - 2026/01/17 23:03:43 CET [2026/01/17 17:03:43 ET]
Table 'Asterope' 6-max Seat #1 is the button
Seat 1: KarmaPoker24 (€7.36 in chips) 
Seat 2: Cathaysanauz (€5.12 in chips) 
Seat 3: titi58250 (€4.71 in chips) 
Seat 4: ATOJ5 (€4.25 in chips) 
Seat 5: idealistslp (€3.70 in chips) 
Seat 6: ElThepo (€13.89 in chips) 
Cathaysanauz: posts small blind €0.02
titi58250: posts big blind €0.05
*** HOLE CARDS ***
Dealt to idealistslp [Js 4h]
ATOJ5: folds 
idealistslp: folds 
ElThepo: folds 
KarmaPoker24: folds 
Cathaysanauz: folds 
Uncalled bet (€0.03) returned to titi58250
titi58250 collected €0.04 from pot
titi58250: doesn't show hand 
*** SUMMARY ***
Total pot €0.04 | Rake €0 
Seat 1: KarmaPoker24 (button) folded before Flop (didn't bet)
Seat 2: Cathaysanauz (small blind) folded before Flop
Seat 3: titi58250 (big blind) collected (€0.04)
Seat 4: ATOJ5 folded before Flop (didn't bet)
Seat 5: idealistslp folded before Flop (didn't bet)
Seat 6: ElThepo folded before Flop (didn't bet)



PokerStars Zoom Hand #259354423028:  Hold'em No Limit (€0.02/€0.05) - 2026/01/17 23:03:37 CET [2026/01/17 17:03:37 ET]
Table 'Asterope' 6-max Seat #1 is the button
Seat 1: Pecadorll (€2.59 in chips) 
Seat 2: ElThepo (€7.88 in chips) 
Seat 3: idealistslp (€3.75 in chips) 
Seat 4: ElBartender33 (€5.38 in chips) 
Seat 5: Tyronecarre1984 (€1.85 in chips) 
Seat 6: LAPeriferia (€23.10 in chips) 
ElThepo: posts small blind €0.02
idealistslp: posts big blind €0.05
*** HOLE CARDS ***
Dealt to idealistslp [Qh 6c]
ElBartender33: raises €0.10 to €0.15
Tyronecarre1984: calls €0.15
LAPeriferia: folds 
Pecadorll: folds 
ElThepo: folds 
idealistslp: folds 
*** FLOP *** [8c 2s 9d]
ElBartender33: checks 
Tyronecarre1984: checks 
*** TURN *** [8c 2s 9d] [3s]
ElBartender33: checks 
Tyronecarre1984: checks 
*** RIVER *** [8c 2s 9d 3s] [6h]
ElBartender33: checks 
Tyronecarre1984: bets €0.05
ElBartender33: folds 
Uncalled bet (€0.05) returned to Tyronecarre1984
Tyronecarre1984 collected €0.35 from pot
Tyronecarre1984: doesn't show hand 
*** SUMMARY ***
Total pot €0.37 | Rake €0.02 
Board [8c 2s 9d 3s 6h]
Seat 1: Pecadorll (button) folded before Flop (didn't bet)
Seat 2: ElThepo (small blind) folded before Flop
Seat 3: idealistslp (big blind) folded before Flop
Seat 4: ElBartender33 folded on the River
Seat 5: Tyronecarre1984 collected (€0.35)
Seat 6: LAPeriferia folded before Flop (didn't bet)



PokerStars Zoom Hand #259354427275:  Hold'em No Limit (€0.02/€0.05) - 2026/01/17 23:03:54 CET [2026/01/17 17:03:54 ET]
Table 'Asterope' 6-max Seat #1 is the button
Seat 1: cirsa888 (€5 in chips) 
Seat 2: ManoelCR (€2.37 in chips) 
Seat 3: Cat&Me (€6.54 in chips) 
Seat 4: imnataa (€5.63 in chips) 
Seat 5: idealistslp (€3.70 in chips) 
Seat 6: dream bifima (€7.86 in chips) 
ManoelCR: posts small blind €0.02
Cat&Me: posts big blind €0.05
*** HOLE CARDS ***
Dealt to idealistslp [3s Td]
Cat&Me is disconnected 
imnataa: folds 
idealistslp: folds 
dream bifima: folds 
cirsa888: folds 
ManoelCR: raises €0.10 to €0.15
Cat&Me has timed out while disconnected
Cat&Me: folds 
Uncalled bet (€0.10) returned to ManoelCR
ManoelCR collected €0.10 from pot
ManoelCR: doesn't show hand 
*** SUMMARY ***
Total pot €0.10 | Rake €0 
Seat 1: cirsa888 (button) folded before Flop (didn't bet)
Seat 2: ManoelCR (small blind) collected (€0.10)
Seat 3: Cat&Me (big blind) folded before Flop
Seat 4: imnataa folded before Flop (didn't bet)
Seat 5: idealistslp folded before Flop (didn't bet)
Seat 6: dream bifima folded before Flop (didn't bet)



PokerStars Zoom Hand #259354428365:  Hold'em No Limit (€0.02/€0.05) - 2026/01/17 23:03:58 CET [2026/01/17 17:03:58 ET]
Table 'Asterope' 6-max Seat #1 is the button
Seat 1: PetroniloPT (€1.78 in chips) 
Seat 2: cirsa888 (€5 in chips) 
Seat 3: smrj1976 (€10.87 in chips) 
Seat 4: Sull91 (€3.19 in chips) 
Seat 5: prouchte (€7.52 in chips) 
Seat 6: idealistslp (€3.70 in chips) 
cirsa888: posts small blind €0.02
smrj1976: posts big blind €0.05
*** HOLE CARDS ***
Dealt to idealistslp [Kh 6h]
Sull91: folds 
prouchte: folds 
idealistslp: raises €0.05 to €0.10
PetroniloPT: folds 
cirsa888: folds 
smrj1976: folds 
Uncalled bet (€0.05) returned to idealistslp
idealistslp collected €0.12 from pot
idealistslp: doesn't show hand 
*** SUMMARY ***
Total pot €0.12 | Rake €0 
Seat 1: PetroniloPT (button) folded before Flop (didn't bet)
Seat 2: cirsa888 (small blind) folded before Flop
Seat 3: smrj1976 (big blind) folded before Flop
Seat 4: Sull91 folded before Flop (didn't bet)
Seat 5: prouchte folded before Flop (didn't bet)
Seat 6: idealistslp collected (€0.12)



PokerStars Zoom Hand #259354425753:  Hold'em No Limit (€0.02/€0.05) - 2026/01/17 23:03:48 CET [2026/01/17 17:03:48 ET]
Table 'Asterope' 6-max Seat #1 is the button
Seat 1: idealistslp (€3.70 in chips) 
Seat 2: ATOJ5 (€4.98 in chips) 
Seat 3: titi58250 (€3.67 in chips) 
Seat 4: Bamm6 (€3.33 in chips) 
Seat 5: crmLL (€10.15 in chips) 
Seat 6: jafonsso (€6.77 in chips) 
ATOJ5: posts small blind €0.02
titi58250: posts big blind €0.05
*** HOLE CARDS ***
Dealt to idealistslp [6d 4h]
Bamm6: folds 
crmLL: folds 
jafonsso: calls €0.05
idealistslp: folds 
ATOJ5: calls €0.03
titi58250: checks 
*** FLOP *** [2h 3s Kh]
ATOJ5: checks 
titi58250: checks 
jafonsso: bets €0.14
ATOJ5: calls €0.14
titi58250: folds 
*** TURN *** [2h 3s Kh] [7c]
ATOJ5: checks 
jafonsso: bets €0.21
ATOJ5: folds 
Uncalled bet (€0.21) returned to jafonsso
jafonsso collected €0.41 from pot
jafonsso: doesn't show hand 
*** SUMMARY ***
Total pot €0.43 | Rake €0.02 
Board [2h 3s Kh 7c]
Seat 1: idealistslp (button) folded before Flop (didn't bet)
Seat 2: ATOJ5 (small blind) folded on the Turn
Seat 3: titi58250 (big blind) folded on the Flop
Seat 4: Bamm6 folded before Flop (didn't bet)
Seat 5: crmLL folded before Flop (didn't bet)
Seat 6: jafonsso collected (€0.41)



PokerStars Zoom Hand #259354436742:  Hold'em No Limit (€0.02/€0.05) - 2026/01/17 23:04:31 CET [2026/01/17 17:04:31 ET]
Table 'Asterope' 6-max Seat #1 is the button
Seat 1: LEXTORMUR (€4 in chips) 
Seat 2: Cat&Me (€6.15 in chips) 
Seat 3: idealistslp (€3.77 in chips) 
Seat 4: baggio422 (€2.86 in chips) 
Seat 5: Cathaysanauz (€5.05 in chips) 
Seat 6: crmLL (€0.06 in chips) 
Cat&Me: posts small blind €0.02
idealistslp: posts big blind €0.05
*** HOLE CARDS ***
Dealt to idealistslp [7c 8s]
Cat&Me is disconnected 
baggio422: folds 
Cathaysanauz: folds 
crmLL: folds 
LEXTORMUR: folds 
Cat&Me has timed out while disconnected
Cat&Me: folds 
Uncalled bet (€0.03) returned to idealistslp
idealistslp collected €0.04 from pot
idealistslp: doesn't show hand 
*** SUMMARY ***
Total pot €0.04 | Rake €0 
Seat 1: LEXTORMUR (button) folded before Flop (didn't bet)
Seat 2: Cat&Me (small blind) folded before Flop
Seat 3: idealistslp (big blind) collected (€0.04)
Seat 4: baggio422 folded before Flop (didn't bet)
Seat 5: Cathaysanauz folded before Flop (didn't bet)
Seat 6: crmLL folded before Flop (didn't bet)



PokerStars Zoom Hand #259354444269:  Hold'em No Limit (€0.02/€0.05) - 2026/01/17 23:05:00 CET [2026/01/17 17:05:00 ET]
Table 'Asterope' 6-max Seat #1 is the button
Seat 1: MaxTitiNanus (€2.13 in chips) 
Seat 2: TerBett (€3.43 in chips) 
Seat 3: titi58250 (€3.60 in chips) 
Seat 4: idealistslp (€3.79 in chips) 
Seat 5: ElBartender33 (€13.60 in chips) 
Seat 6: kikooo823 (€7.07 in chips) 
TerBett: posts small blind €0.02
titi58250: posts big blind €0.05
*** HOLE CARDS ***
Dealt to idealistslp [Qs Jh]
idealistslp: raises €0.05 to €0.10
ElBartender33: folds 
kikooo823: folds 
MaxTitiNanus: calls €0.10
TerBett: folds 
titi58250: folds 
*** FLOP *** [Js 5s 4s]
idealistslp: bets €0.13
MaxTitiNanus: calls €0.13
*** TURN *** [Js 5s 4s] [8c]
idealistslp: bets €0.25
MaxTitiNanus: calls €0.25
*** RIVER *** [Js 5s 4s 8c] [6s]
idealistslp: bets €0.49
MaxTitiNanus: folds 
Uncalled bet (€0.49) returned to idealistslp
idealistslp collected €0.98 from pot
idealistslp: doesn't show hand 
*** SUMMARY ***
Total pot €1.03 | Rake €0.05 
Board [Js 5s 4s 8c 6s]
Seat 1: MaxTitiNanus (button) folded on the River
Seat 2: TerBett (small blind) folded before Flop
Seat 3: titi58250 (big blind) folded before Flop
Seat 4: idealistslp collected (€0.98)
Seat 5: ElBartender33 folded before Flop (didn't bet)
Seat 6: kikooo823 folded before Flop (didn't bet)



PokerStars Zoom Hand #259354455046:  Hold'em No Limit (€0.02/€0.05) - 2026/01/17 23:05:41 CET [2026/01/17 17:05:41 ET]
Table 'Asterope' 6-max Seat #1 is the button
Seat 1: FllanosB (€7.39 in chips) 
Seat 2: idealistslp (€4.29 in chips) 
Seat 3: P-BRUTUS (€2.56 in chips) 
Seat 4: GGSCR29 (€9.42 in chips) 
Seat 5: PetroniloPT (€1.71 in chips) 
Seat 6: barripoker3 (€5.32 in chips) 
idealistslp: posts small blind €0.02
P-BRUTUS: posts big blind €0.05
*** HOLE CARDS ***
Dealt to idealistslp [4h Jd]
GGSCR29: folds 
PetroniloPT: folds 
barripoker3: folds 
FllanosB: folds 
idealistslp: folds 
Uncalled bet (€0.03) returned to P-BRUTUS
P-BRUTUS collected €0.04 from pot
P-BRUTUS: doesn't show hand 
*** SUMMARY ***
Total pot €0.04 | Rake €0 
Seat 1: FllanosB (button) folded before Flop (didn't bet)
Seat 2: idealistslp (small blind) folded before Flop
Seat 3: P-BRUTUS (big blind) collected (€0.04)
Seat 4: GGSCR29 folded before Flop (didn't bet)
Seat 5: PetroniloPT folded before Flop (didn't bet)
Seat 6: barripoker3 folded before Flop (didn't bet)



PokerStars Zoom Hand #259354456420:  Hold'em No Limit (€0.02/€0.05) - 2026/01/17 23:05:47 CET [2026/01/17 17:05:47 ET]
Table 'Asterope' 6-max Seat #1 is the button
Seat 1: SOYPACO11 (€9.08 in chips) 
Seat 2: Megiusftv (€5 in chips) 
Seat 3: Cathaysanauz (€5 in chips) 
Seat 4: idealistslp (€4.27 in chips) 
Seat 5: LEXTORMUR (€4.90 in chips) 
Seat 6: llodio (€10 in chips) 
Megiusftv: posts small blind €0.02
Cathaysanauz: posts big blind €0.05
*** HOLE CARDS ***
Dealt to idealistslp [Qs 2s]
idealistslp: raises €0.05 to €0.10
LEXTORMUR: folds 
llodio: folds 
SOYPACO11: folds 
Megiusftv: folds 
Cathaysanauz: folds 
Uncalled bet (€0.05) returned to idealistslp
idealistslp collected €0.12 from pot
idealistslp: doesn't show hand 
*** SUMMARY ***
Total pot €0.12 | Rake €0 
Seat 1: SOYPACO11 (button) folded before Flop (didn't bet)
Seat 2: Megiusftv (small blind) folded before Flop
Seat 3: Cathaysanauz (big blind) folded before Flop
Seat 4: idealistslp collected (€0.12)
Seat 5: LEXTORMUR folded before Flop (didn't bet)
Seat 6: llodio folded before Flop (didn't bet)



PokerStars Zoom Hand #259354462000:  Hold'em No Limit (€0.02/€0.05) - 2026/01/17 23:06:08 CET [2026/01/17 17:06:08 ET]
Table 'Asterope' 6-max Seat #1 is the button
Seat 1: LAPeriferia (€5.08 in chips) 
Seat 2: idealistslp (€4.34 in chips) 
Seat 3: olijmandrea (€6.16 in chips) 
Seat 4: jash1945 (€4.71 in chips) 
Seat 5: toni290178 (€5.38 in chips) 
Seat 6: pisuleto (€7.61 in chips) 
idealistslp: posts small blind €0.02
olijmandrea: posts big blind €0.05
*** HOLE CARDS ***
Dealt to idealistslp [6h 6d]
jash1945: folds 
toni290178 is disconnected 
toni290178 has timed out while disconnected
toni290178: folds 
pisuleto: folds 
LAPeriferia: folds 
idealistslp: raises €0.05 to €0.10
olijmandrea: calls €0.05
*** FLOP *** [3c 4h 2s]
idealistslp: bets €0.10
olijmandrea: calls €0.10
*** TURN *** [3c 4h 2s] [6s]
idealistslp: bets €0.05
olijmandrea: calls €0.05
*** RIVER *** [3c 4h 2s 6s] [4c]
idealistslp: bets €0.48
olijmandrea: folds 
Uncalled bet (€0.48) returned to idealistslp
idealistslp collected €0.48 from pot
idealistslp: doesn't show hand 
*** SUMMARY ***
Total pot €0.50 | Rake €0.02 
Board [3c 4h 2s 6s 4c]
Seat 1: LAPeriferia (button) folded before Flop (didn't bet)
Seat 2: idealistslp (small blind) collected (€0.48)
Seat 3: olijmandrea (big blind) folded on the River
Seat 4: jash1945 folded before Flop (didn't bet)
Seat 5: toni290178 folded before Flop (didn't bet)
Seat 6: pisuleto folded before Flop (didn't bet)



PokerStars Zoom Hand #259354476144:  Hold'em No Limit (€0.02/€0.05) - 2026/01/17 23:07:03 CET [2026/01/17 17:07:03 ET]
Table 'Asterope' 6-max Seat #1 is the button
Seat 1: idealistslp (€4.57 in chips) 
Seat 2: imnataa (€5.64 in chips) 
Seat 3: Castillejo117 (€5 in chips) 
Seat 4: Bestiote (€2.17 in chips) 
Seat 5: timaria74 (€2.65 in chips) 
Seat 6: titi58250 (€4.42 in chips) 
imnataa: posts small blind €0.02
Castillejo117: posts big blind €0.05
*** HOLE CARDS ***
Dealt to idealistslp [Jd 9s]
Bestiote: folds 
timaria74: folds 
titi58250: calls €0.05
idealistslp: raises €0.05 to €0.10
imnataa: folds 
Castillejo117: folds 
titi58250: folds 
Uncalled bet (€0.05) returned to idealistslp
idealistslp collected €0.17 from pot
idealistslp: doesn't show hand 
*** SUMMARY ***
Total pot €0.17 | Rake €0 
Seat 1: idealistslp (button) collected (€0.17)
Seat 2: imnataa (small blind) folded before Flop
Seat 3: Castillejo117 (big blind) folded before Flop
Seat 4: Bestiote folded before Flop (didn't bet)
Seat 5: timaria74 folded before Flop (didn't bet)
Seat 6: titi58250 folded before Flop



PokerStars Zoom Hand #259354480684:  Hold'em No Limit (€0.02/€0.05) - 2026/01/17 23:07:21 CET [2026/01/17 17:07:21 ET]
Table 'Asterope' 6-max Seat #1 is the button
Seat 1: xXmonymakerXx (€2.96 in chips) 
Seat 2: Cathaysanauz (€5.66 in chips) 
Seat 3: idealistslp (€4.69 in chips) 
Seat 4: LEXTORMUR (€4.68 in chips) 
Seat 5: WalterW10000 (€3 in chips) 
Seat 6: ManoelCR (€2.14 in chips) 
Cathaysanauz: posts small blind €0.02
idealistslp: posts big blind €0.05
*** HOLE CARDS ***
Dealt to idealistslp [9d Kd]
LEXTORMUR: folds 
WalterW10000: raises €0.10 to €0.15
ManoelCR: folds 
xXmonymakerXx: folds 
Cathaysanauz: folds 
idealistslp: calls €0.10
*** FLOP *** [Jh Ks 2s]
idealistslp: bets €0.15
WalterW10000: calls €0.15
*** TURN *** [Jh Ks 2s] [7d]
idealistslp: bets €0.30
WalterW10000: calls €0.30
*** RIVER *** [Jh Ks 2s 7d] [Qh]
idealistslp: checks 
WalterW10000: checks 
*** SHOW DOWN ***
idealistslp: shows [9d Kd] (a pair of Kings)
WalterW10000: mucks hand 
idealistslp collected €1.16 from pot
*** SUMMARY ***
Total pot €1.22 | Rake €0.06 
Board [Jh Ks 2s 7d Qh]
Seat 1: xXmonymakerXx (button) folded before Flop (didn't bet)
Seat 2: Cathaysanauz (small blind) folded before Flop
Seat 3: idealistslp (big blind) showed [9d Kd] and won (€1.16) with a pair of Kings
Seat 4: LEXTORMUR folded before Flop (didn't bet)
Seat 5: WalterW10000 mucked [Ts Qc]
Seat 6: ManoelCR folded before Flop (didn't bet)



PokerStars Zoom Hand #259356978595:  Hold'em No Limit (€0.02/€0.05) - 2026/01/18 2:37:22 CET [2026/01/17 20:37:22 ET]
Table 'Asterope' 6-max Seat #1 is the button
Seat 1: mentalist1479 (€1.85 in chips) 
Seat 2: MaxisZeus (€5 in chips) 
Seat 3: idealistslp (€4 in chips) 
Seat 4: laetigreg05 (€2.02 in chips) 
Seat 5: al3xitto25 (€5.19 in chips) 
Seat 6: jaqgarcia (€2 in chips) 
MaxisZeus: posts small blind €0.02
idealistslp: posts big blind €0.05
*** HOLE CARDS ***
Dealt to idealistslp [7h Jh]
laetigreg05: calls €0.05
al3xitto25: folds 
jaqgarcia: folds 
mentalist1479: folds 
MaxisZeus: calls €0.03
idealistslp: checks 
*** FLOP *** [Td Th 6c]
MaxisZeus: checks 
idealistslp: bets €0.07
laetigreg05: folds 
MaxisZeus: calls €0.07
*** TURN *** [Td Th 6c] [Jc]
MaxisZeus: checks 
idealistslp: bets €0.14
MaxisZeus: calls €0.14
*** RIVER *** [Td Th 6c Jc] [5s]
MaxisZeus: checks 
idealistslp: bets €0.54
MaxisZeus: folds 
Uncalled bet (€0.54) returned to idealistslp
idealistslp collected €0.54 from pot
idealistslp: doesn't show hand 
*** SUMMARY ***
Total pot €0.57 | Rake €0.03 
Board [Td Th 6c Jc 5s]
Seat 1: mentalist1479 (button) folded before Flop (didn't bet)
Seat 2: MaxisZeus (small blind) folded on the River
Seat 3: idealistslp (big blind) collected (€0.54)
Seat 4: laetigreg05 folded on the Flop
Seat 5: al3xitto25 folded before Flop (didn't bet)
Seat 6: jaqgarcia folded before Flop (didn't bet)



PokerStars Zoom Hand #259356987795:  Hold'em No Limit (€0.02/€0.05) - 2026/01/18 2:38:22 CET [2026/01/17 20:38:22 ET]
Table 'Asterope' 6-max Seat #1 is the button
Seat 1: Munia14 (€7.90 in chips) 
Seat 2: idealistslp (€4.28 in chips) 
Seat 3: calopoker_10 (€5 in chips) 
Seat 4: Megiusftv (€5.70 in chips) 
Seat 5: Fuckhazar (€2.16 in chips) 
Seat 6: MaxisZeus (€5 in chips) 
idealistslp: posts small blind €0.02
calopoker_10: posts big blind €0.05
*** HOLE CARDS ***
Dealt to idealistslp [Tc 2s]
Megiusftv: folds 
Fuckhazar: folds 
MaxisZeus: folds 
Munia14: folds 
idealistslp: folds 
Uncalled bet (€0.03) returned to calopoker_10
calopoker_10 collected €0.04 from pot
calopoker_10: doesn't show hand 
*** SUMMARY ***
Total pot €0.04 | Rake €0 
Seat 1: Munia14 (button) folded before Flop (didn't bet)
Seat 2: idealistslp (small blind) folded before Flop
Seat 3: calopoker_10 (big blind) collected (€0.04)
Seat 4: Megiusftv folded before Flop (didn't bet)
Seat 5: Fuckhazar folded before Flop (didn't bet)
Seat 6: MaxisZeus folded before Flop (didn't bet)



PokerStars Zoom Hand #259356988424:  Hold'em No Limit (€0.02/€0.05) - 2026/01/18 2:38:26 CET [2026/01/17 20:38:26 ET]
Table 'Asterope' 6-max Seat #1 is the button
Seat 1: idealistslp (€4.26 in chips) 
Seat 2: viscabarça4 (€6.24 in chips) 
Seat 3: MaxisZeus (€5 in chips) 
Seat 4: mentalist1479 (€2 in chips) 
Seat 5: javoallin (€14.61 in chips) 
Seat 6: LITOSGIL (€1.13 in chips) 
viscabarça4: posts small blind €0.02
MaxisZeus: posts big blind €0.05
*** HOLE CARDS ***
Dealt to idealistslp [3h Ts]
mentalist1479: raises €0.15 to €0.20
javoallin: folds 
LITOSGIL: folds 
idealistslp: folds 
viscabarça4: folds 
MaxisZeus: folds 
Uncalled bet (€0.15) returned to mentalist1479
mentalist1479 collected €0.12 from pot
mentalist1479: doesn't show hand 
*** SUMMARY ***
Total pot €0.12 | Rake €0 
Seat 1: idealistslp (button) folded before Flop (didn't bet)
Seat 2: viscabarça4 (small blind) folded before Flop
Seat 3: MaxisZeus (big blind) folded before Flop
Seat 4: mentalist1479 collected (€0.12)
Seat 5: javoallin folded before Flop (didn't bet)
Seat 6: LITOSGIL folded before Flop (didn't bet)



PokerStars Zoom Hand #259356989017:  Hold'em No Limit (€0.02/€0.05) - 2026/01/18 2:38:30 CET [2026/01/17 20:38:30 ET]
Table 'Asterope' 6-max Seat #1 is the button
Seat 1: Cathaysanauz (€5.15 in chips) 
Seat 2: LITOSGIL (€1.13 in chips) 
Seat 3: javoallin (€14.61 in chips) 
Seat 4: tropa8 (€13.11 in chips) 
Seat 5: Fuckhazar (€1.93 in chips) 
Seat 6: idealistslp (€4.26 in chips) 
LITOSGIL: posts small blind €0.02
javoallin: posts big blind €0.05
*** HOLE CARDS ***
Dealt to idealistslp [7c Kh]
tropa8: folds 
Fuckhazar: folds 
idealistslp: raises €0.05 to €0.10
Cathaysanauz: folds 
LITOSGIL: folds 
javoallin: calls €0.05
*** FLOP *** [Qs 8d 9h]
javoallin: checks 
idealistslp: bets €0.11
javoallin: raises €0.11 to €0.22
idealistslp: calls €0.11
*** TURN *** [Qs 8d 9h] [6d]
javoallin: bets €0.47
idealistslp: calls €0.47
*** RIVER *** [Qs 8d 9h 6d] [8h]
javoallin: checks 
idealistslp: checks 
*** SHOW DOWN ***
javoallin: shows [Jc Th] (a straight, Eight to Queen)
idealistslp: mucks hand 
javoallin collected €1.52 from pot
*** SUMMARY ***
Total pot €1.60 | Rake €0.08 
Board [Qs 8d 9h 6d 8h]
Seat 1: Cathaysanauz (button) folded before Flop (didn't bet)
Seat 2: LITOSGIL (small blind) folded before Flop
Seat 3: javoallin (big blind) showed [Jc Th] and won (€1.52) with a straight, Eight to Queen
Seat 4: tropa8 folded before Flop (didn't bet)
Seat 5: Fuckhazar folded before Flop (didn't bet)
Seat 6: idealistslp mucked [7c Kh]



PokerStars Zoom Hand #259356995018:  Hold'em No Limit (€0.02/€0.05) - 2026/01/18 2:39:10 CET [2026/01/17 20:39:10 ET]
Table 'Asterope' 6-max Seat #1 is the button
Seat 1: crmLL (€7.16 in chips) 
Seat 2: javoallin (€15.34 in chips) 
Seat 3: madmanMortigan (€4 in chips) 
Seat 4: RiverNutssss (€2.76 in chips) 
Seat 5: idealistslp (€3.47 in chips) 
Seat 6: Fuckhazar (€2 in chips) 
javoallin: posts small blind €0.02
madmanMortigan: posts big blind €0.05
*** HOLE CARDS ***
Dealt to idealistslp [Jc 6h]
RiverNutssss: folds 
idealistslp: folds 
Fuckhazar: folds 
crmLL: folds 
javoallin: folds 
Uncalled bet (€0.03) returned to madmanMortigan
madmanMortigan collected €0.04 from pot
madmanMortigan: doesn't show hand 
*** SUMMARY ***
Total pot €0.04 | Rake €0 
Seat 1: crmLL (button) folded before Flop (didn't bet)
Seat 2: javoallin (small blind) folded before Flop
Seat 3: madmanMortigan (big blind) collected (€0.04)
Seat 4: RiverNutssss folded before Flop (didn't bet)
Seat 5: idealistslp folded before Flop (didn't bet)
Seat 6: Fuckhazar folded before Flop (didn't bet)



PokerStars Zoom Hand #259356996117:  Hold'em No Limit (€0.02/€0.05) - 2026/01/18 2:39:17 CET [2026/01/17 20:39:17 ET]
Table 'Asterope' 6-max Seat #1 is the button
Seat 1: pablow0804 (€4.30 in chips) 
Seat 2: alvarogda26 (€6.29 in chips) 
Seat 3: MaxisZeus (€5.10 in chips) 
Seat 4: Fuckhazar (€2.22 in chips) 
Seat 5: idealistslp (€5 in chips) 
Seat 6: crmLL (€4.93 in chips) 
alvarogda26: posts small blind €0.02
MaxisZeus: posts big blind €0.05
*** HOLE CARDS ***
Dealt to idealistslp [7c Qc]
Fuckhazar: folds 
idealistslp: raises €0.05 to €0.10
crmLL: folds 
pablow0804: folds 
alvarogda26: folds 
MaxisZeus: folds 
Uncalled bet (€0.05) returned to idealistslp
idealistslp collected €0.12 from pot
idealistslp: doesn't show hand 
*** SUMMARY ***
Total pot €0.12 | Rake €0 
Seat 1: pablow0804 (button) folded before Flop (didn't bet)
Seat 2: alvarogda26 (small blind) folded before Flop
Seat 3: MaxisZeus (big blind) folded before Flop
Seat 4: Fuckhazar folded before Flop (didn't bet)
Seat 5: idealistslp collected (€0.12)
Seat 6: crmLL folded before Flop (didn't bet)



PokerStars Zoom Hand #259356998175:  Hold'em No Limit (€0.02/€0.05) - 2026/01/18 2:39:31 CET [2026/01/17 20:39:31 ET]
Table 'Asterope' 6-max Seat #1 is the button
Seat 1: tropa8 (€13.04 in chips) 
Seat 2: idealistslp (€5.07 in chips) 
Seat 3: Megiusftv (€5.68 in chips) 
Seat 4: RuiBorgesTasca (€20.45 in chips) 
Seat 5: MaxisZeus (€5.05 in chips) 
Seat 6: Cathaysanauz (€5 in chips) 
idealistslp: posts small blind €0.02
Megiusftv: posts big blind €0.05
*** HOLE CARDS ***
Dealt to idealistslp [Ah Qs]
RuiBorgesTasca: folds 
MaxisZeus: folds 
Cathaysanauz: raises €0.10 to €0.15
tropa8: raises €0.30 to €0.45
idealistslp: calls €0.43
Megiusftv: folds 
Cathaysanauz: folds 
*** FLOP *** [9s Js 9d]
idealistslp: bets €0.52
tropa8: calls €0.52
*** TURN *** [9s Js 9d] [Ad]
idealistslp: bets €1.02
tropa8: folds 
Uncalled bet (€1.02) returned to idealistslp
idealistslp collected €2.03 from pot
idealistslp: doesn't show hand 
*** SUMMARY ***
Total pot €2.14 | Rake €0.11 
Board [9s Js 9d Ad]
Seat 1: tropa8 (button) folded on the Turn
Seat 2: idealistslp (small blind) collected (€2.03)
Seat 3: Megiusftv (big blind) folded before Flop
Seat 4: RuiBorgesTasca folded before Flop (didn't bet)
Seat 5: MaxisZeus folded before Flop (didn't bet)
Seat 6: Cathaysanauz folded before Flop



