PokerStars Zoom Hand #259308297120:  Hold'em No Limit (€0.02/€0.05) - 2026/01/14 16:01:31 CET [2026/01/14 10:01:31 ET]
Table 'Asterope' 6-max Seat #1 is the button
Seat 1: mentalist1479 (€5.03 in chips) 
Seat 2: RemRois51 (€10.88 in chips) 
Seat 3: idealistslp (€5 in chips) 
Seat 4: Nakkanpuzzle (€2.71 in chips) 
Seat 5: born2tiltyall (€6.16 in chips) 
Seat 6: Fuckhazar (€2.37 in chips) 
RemRois51: posts small blind €0.02
idealistslp: posts big blind €0.05
*** HOLE CARDS ***
Dealt to idealistslp [3s 9h]
Nakkanpuzzle: raises €0.12 to €0.17
born2tiltyall: folds 
Fuckhazar: folds 
mentalist1479: folds 
RemRois51: raises €0.38 to €0.55
idealistslp: folds 
Nakkanpuzzle: calls €0.38
*** FLOP *** [Qh 5h 6h]
RemRois51: bets €1.31
Nakkanpuzzle: calls €1.31
*** TURN *** [Qh 5h 6h] [Ad]
RemRois51: bets €1.18
Nakkanpuzzle: calls €0.85 and is all-in
Uncalled bet (€0.33) returned to RemRois51
*** RIVER *** [Qh 5h 6h Ad] [Jc]
*** SHOW DOWN ***
RemRois51: shows [Kh Kc] (a pair of Kings)
Nakkanpuzzle: shows [Qc Ac] (two pair, Aces and Queens)
Nakkanpuzzle collected €5.20 from pot
*** SUMMARY ***
Total pot €5.47 | Rake €0.27 
Board [Qh 5h 6h Ad Jc]
Seat 1: mentalist1479 (button) folded before Flop (didn't bet)
Seat 2: RemRois51 (small blind) showed [Kh Kc] and lost with a pair of Kings
Seat 3: idealistslp (big blind) folded before Flop
Seat 4: Nakkanpuzzle showed [Qc Ac] and won (€5.20) with two pair, Aces and Queens
Seat 5: born2tiltyall folded before Flop (didn't bet)
Seat 6: Fuckhazar folded before Flop (didn't bet)



PokerStars Zoom Hand #259308300326:  Hold'em No Limit (€0.02/€0.05) - 2026/01/14 16:01:53 CET [2026/01/14 10:01:53 ET]
Table 'Asterope' 6-max Seat #1 is the button
Seat 1: zz3phyr (€5.12 in chips) 
Seat 2: idealistslp (€4.95 in chips) 
Seat 3: SirButterman (€5.65 in chips) 
Seat 4: RemRois51 (€5.27 in chips) 
Seat 5: al3xitto25 (€12.36 in chips) 
Seat 6: officemaster (€1.44 in chips) 
idealistslp: posts small blind €0.02
SirButterman: posts big blind €0.05
*** HOLE CARDS ***
Dealt to idealistslp [Qd Ks]
RemRois51: folds 
al3xitto25: folds 
officemaster: folds 
zz3phyr: folds 
idealistslp: raises €0.05 to €0.10
SirButterman: calls €0.05
*** FLOP *** [Ac Ad 6s]
idealistslp: checks 
SirButterman: bets €0.14
idealistslp: calls €0.14
*** TURN *** [Ac Ad 6s] [Qc]
idealistslp: checks 
SirButterman: checks 
*** RIVER *** [Ac Ad 6s Qc] [Qh]
idealistslp: bets €0.56
SirButterman: folds 
Uncalled bet (€0.56) returned to idealistslp
idealistslp collected €0.46 from pot
idealistslp: doesn't show hand 
*** SUMMARY ***
Total pot €0.48 | Rake €0.02 
Board [Ac Ad 6s Qc Qh]
Seat 1: zz3phyr (button) folded before Flop (didn't bet)
Seat 2: idealistslp (small blind) collected (€0.46)
Seat 3: SirButterman (big blind) folded on the River
Seat 4: RemRois51 folded before Flop (didn't bet)
Seat 5: al3xitto25 folded before Flop (didn't bet)
Seat 6: officemaster folded before Flop (didn't bet)



PokerStars Zoom Hand #259308311216:  Hold'em No Limit (€0.02/€0.05) - 2026/01/14 16:03:03 CET [2026/01/14 10:03:03 ET]
Table 'Asterope' 6-max Seat #1 is the button
Seat 1: idealistslp (€5.17 in chips) 
Seat 2: Zz8crackS (€6.59 in chips) 
Seat 3: PokerIzGood (€6.69 in chips) 
Seat 4: sergiifarre10 (€5.41 in chips) 
Seat 5: crmLL (€3.26 in chips) 
Seat 6: al3xitto25 (€9.78 in chips) 
Zz8crackS: posts small blind €0.02
PokerIzGood: posts big blind €0.05
*** HOLE CARDS ***
Dealt to idealistslp [7h 4d]
sergiifarre10: folds 
crmLL: folds 
al3xitto25: folds 
idealistslp has timed out
idealistslp: folds 
Zz8crackS: folds 
Uncalled bet (€0.03) returned to PokerIzGood
PokerIzGood collected €0.04 from pot
PokerIzGood: doesn't show hand 
*** SUMMARY ***
Total pot €0.04 | Rake €0 
Seat 1: idealistslp (button) folded before Flop (didn't bet)
Seat 2: Zz8crackS (small blind) folded before Flop
Seat 3: PokerIzGood (big blind) collected (€0.04)
Seat 4: sergiifarre10 folded before Flop (didn't bet)
Seat 5: crmLL folded before Flop (didn't bet)
Seat 6: al3xitto25 folded before Flop (didn't bet)



PokerStars Zoom Hand #259308315470:  Hold'em No Limit (€0.02/€0.05) - 2026/01/14 16:03:30 CET [2026/01/14 10:03:30 ET]
Table 'Asterope' 6-max Seat #1 is the button
Seat 1: idealistslp (€5.17 in chips) 
Seat 2: Pffft71 (€5.21 in chips) 
Seat 3: CHOIN8581 (€3.38 in chips) 
Seat 4: mentalist1479 (€5.09 in chips) 
Seat 5: ATOJ5 (€4 in chips) 
Seat 6: al3xitto25 (€12.43 in chips) 
Pffft71: posts small blind €0.02
CHOIN8581: posts big blind €0.05
*** HOLE CARDS ***
Dealt to idealistslp [Ad 2h]
mentalist1479: folds 
ATOJ5: raises €0.07 to €0.12
al3xitto25: folds 
idealistslp: folds 
Pffft71: folds 
CHOIN8581: calls €0.07
*** FLOP *** [5s 9s 3s]
CHOIN8581: checks 
ATOJ5: bets €0.13
CHOIN8581: folds 
Uncalled bet (€0.13) returned to ATOJ5
ATOJ5 collected €0.25 from pot
ATOJ5: doesn't show hand 
*** SUMMARY ***
Total pot €0.26 | Rake €0.01 
Board [5s 9s 3s]
Seat 1: idealistslp (button) folded before Flop (didn't bet)
Seat 2: Pffft71 (small blind) folded before Flop
Seat 3: CHOIN8581 (big blind) folded on the Flop
Seat 4: mentalist1479 folded before Flop (didn't bet)
Seat 5: ATOJ5 collected (€0.25)
Seat 6: al3xitto25 folded before Flop (didn't bet)



PokerStars Zoom Hand #259308317021:  Hold'em No Limit (€0.02/€0.05) - 2026/01/14 16:03:40 CET [2026/01/14 10:03:40 ET]
Table 'Asterope' 6-max Seat #1 is the button
Seat 1: officemaster (€1.56 in chips) 
Seat 2: lorocontento (€1.86 in chips) 
Seat 3: collombarda (€5.05 in chips) 
Seat 4: aeroaxe (€6.15 in chips) 
Seat 5: idealistslp (€5.17 in chips) 
Seat 6: mentalist1479 (€5.09 in chips) 
lorocontento: posts small blind €0.02
collombarda: posts big blind €0.05
*** HOLE CARDS ***
Dealt to idealistslp [5d 7d]
aeroaxe: folds 
idealistslp: folds 
mentalist1479: raises €0.05 to €0.10
officemaster: folds 
lorocontento: folds 
collombarda: calls €0.05
*** FLOP *** [7s 8d 9h]
collombarda: checks 
mentalist1479: bets €0.21
collombarda: calls €0.21
*** TURN *** [7s 8d 9h] [Ks]
collombarda: checks 
mentalist1479: bets €0.20
collombarda: calls €0.20
*** RIVER *** [7s 8d 9h Ks] [Ac]
collombarda: checks 
mentalist1479: checks 
*** SHOW DOWN ***
collombarda: shows [Ts 3c] (high card Ace)
mentalist1479: shows [As 3s] (a pair of Aces)
mentalist1479 collected €0.99 from pot
*** SUMMARY ***
Total pot €1.04 | Rake €0.05 
Board [7s 8d 9h Ks Ac]
Seat 1: officemaster (button) folded before Flop (didn't bet)
Seat 2: lorocontento (small blind) folded before Flop
Seat 3: collombarda (big blind) showed [Ts 3c] and lost with high card Ace
Seat 4: aeroaxe folded before Flop (didn't bet)
Seat 5: idealistslp folded before Flop (didn't bet)
Seat 6: mentalist1479 showed [As 3s] and won (€0.99) with a pair of Aces



PokerStars Zoom Hand #259308314912:  Hold'em No Limit (€0.02/€0.05) - 2026/01/14 16:03:26 CET [2026/01/14 10:03:26 ET]
Table 'Asterope' 6-max Seat #1 is the button
Seat 1: mentalist1479 (€5.09 in chips) 
Seat 2: SirButterman (€5.68 in chips) 
Seat 3: RemRois51 (€5.18 in chips) 
Seat 4: Fuckhazar (€2.16 in chips) 
Seat 5: GabriTractor (€2.08 in chips) 
Seat 6: idealistslp (€5.17 in chips) 
SirButterman: posts small blind €0.02
RemRois51: posts big blind €0.05
*** HOLE CARDS ***
Dealt to idealistslp [Jd 5s]
Fuckhazar has timed out
Fuckhazar: folds 
GabriTractor: raises €0.05 to €0.10
idealistslp: folds 
mentalist1479: folds 
SirButterman: calls €0.08
RemRois51: folds 
*** FLOP *** [5h Ts Js]
SirButterman: checks 
GabriTractor: bets €0.18
SirButterman: calls €0.18
*** TURN *** [5h Ts Js] [8s]
SirButterman: checks 
GabriTractor: bets €0.29
SirButterman: calls €0.29
*** RIVER *** [5h Ts Js 8s] [6d]
SirButterman: checks 
GabriTractor: bets €0.57
SirButterman: folds 
Uncalled bet (€0.57) returned to GabriTractor
GabriTractor collected €1.13 from pot
GabriTractor: doesn't show hand 
*** SUMMARY ***
Total pot €1.19 | Rake €0.06 
Board [5h Ts Js 8s 6d]
Seat 1: mentalist1479 (button) folded before Flop (didn't bet)
Seat 2: SirButterman (small blind) folded on the River
Seat 3: RemRois51 (big blind) folded before Flop
Seat 4: Fuckhazar folded before Flop (didn't bet)
Seat 5: GabriTractor collected (€1.13)
Seat 6: idealistslp folded before Flop (didn't bet)



PokerStars Zoom Hand #259308597808:  Hold'em No Limit (€0.02/€0.05) - 2026/01/14 16:32:44 CET [2026/01/14 10:32:44 ET]
Table 'Asterope' 6-max Seat #1 is the button
Seat 1: Rick Sánches (€5.07 in chips) 
Seat 2: feerry61 (€5 in chips) 
Seat 3: balandine186 (€3.02 in chips) 
Seat 4: xXAAmONXx (€5.55 in chips) 
Seat 5: crmLL (€4.41 in chips) 
Seat 6: idealistslp (€5.17 in chips) 
feerry61: posts small blind €0.02
balandine186: posts big blind €0.05
*** HOLE CARDS ***
Dealt to idealistslp [Jc 5h]
xXAAmONXx: folds 
crmLL: folds 
idealistslp: folds 
Rick Sánches: folds 
feerry61: raises €0.10 to €0.15
balandine186: folds 
Uncalled bet (€0.10) returned to feerry61
feerry61 collected €0.10 from pot
feerry61: doesn't show hand 
*** SUMMARY ***
Total pot €0.10 | Rake €0 
Seat 1: Rick Sánches (button) folded before Flop (didn't bet)
Seat 2: feerry61 (small blind) collected (€0.10)
Seat 3: balandine186 (big blind) folded before Flop
Seat 4: xXAAmONXx folded before Flop (didn't bet)
Seat 5: crmLL folded before Flop (didn't bet)
Seat 6: idealistslp folded before Flop (didn't bet)



PokerStars Zoom Hand #259308599526:  Hold'em No Limit (€0.02/€0.05) - 2026/01/14 16:32:54 CET [2026/01/14 10:32:54 ET]
Table 'Asterope' 6-max Seat #1 is the button
Seat 1: born2tiltyall (€8.69 in chips) 
Seat 2: terrydandres (€2.96 in chips) 
Seat 3: idealistslp (€5.17 in chips) 
Seat 4: crmLL (€8.37 in chips) 
Seat 5: chimichou (€8.13 in chips) 
Seat 6: pingu_771 (€10.47 in chips) 
terrydandres: posts small blind €0.02
idealistslp: posts big blind €0.05
*** HOLE CARDS ***
Dealt to idealistslp [Jd 7s]
crmLL: calls €0.05
chimichou has timed out
chimichou: folds 
pingu_771: folds 
born2tiltyall: folds 
terrydandres: folds 
idealistslp: checks 
*** FLOP *** [6h 8d 7h]
idealistslp: bets €0.11
crmLL: calls €0.11
*** TURN *** [6h 8d 7h] [5c]
idealistslp: checks 
crmLL: checks 
*** RIVER *** [6h 8d 7h 5c] [5d]
idealistslp: checks 
crmLL: checks 
*** SHOW DOWN ***
idealistslp: shows [Jd 7s] (two pair, Sevens and Fives)
crmLL: shows [Ad Ac] (two pair, Aces and Fives)
crmLL collected €0.32 from pot
*** SUMMARY ***
Total pot €0.34 | Rake €0.02 
Board [6h 8d 7h 5c 5d]
Seat 1: born2tiltyall (button) folded before Flop (didn't bet)
Seat 2: terrydandres (small blind) folded before Flop
Seat 3: idealistslp (big blind) showed [Jd 7s] and lost with two pair, Sevens and Fives
Seat 4: crmLL showed [Ad Ac] and won (€0.32) with two pair, Aces and Fives
Seat 5: chimichou folded before Flop (didn't bet)
Seat 6: pingu_771 folded before Flop (didn't bet)



PokerStars Zoom Hand #259308611235:  Hold'em No Limit (€0.02/€0.05) - 2026/01/14 16:34:04 CET [2026/01/14 10:34:04 ET]
Table 'Asterope' 6-max Seat #1 is the button
Seat 1: MakesMeRich (€5 in chips) 
Seat 2: idealistslp (€5.01 in chips) 
Seat 3: juantiogot (€5.76 in chips) 
Seat 4: P-BRUTUS (€3.01 in chips) 
Seat 5: PokerIzGood (€20.35 in chips) 
Seat 6: RemRois51 (€25.23 in chips) 
idealistslp: posts small blind €0.02
juantiogot: posts big blind €0.05
*** HOLE CARDS ***
Dealt to idealistslp [4d Jd]
P-BRUTUS: folds 
PokerIzGood: raises €0.10 to €0.15
RemRois51: folds 
MakesMeRich: folds 
idealistslp: folds 
juantiogot: folds 
Uncalled bet (€0.10) returned to PokerIzGood
PokerIzGood collected €0.12 from pot
PokerIzGood: doesn't show hand 
*** SUMMARY ***
Total pot €0.12 | Rake €0 
Seat 1: MakesMeRich (button) folded before Flop (didn't bet)
Seat 2: idealistslp (small blind) folded before Flop
Seat 3: juantiogot (big blind) folded before Flop
Seat 4: P-BRUTUS folded before Flop (didn't bet)
Seat 5: PokerIzGood collected (€0.12)
Seat 6: RemRois51 folded before Flop (didn't bet)



PokerStars Zoom Hand #259308612306:  Hold'em No Limit (€0.02/€0.05) - 2026/01/14 16:34:10 CET [2026/01/14 10:34:10 ET]
Table 'Asterope' 6-max Seat #1 is the button
Seat 1: MENDACANELO (€3.84 in chips) 
Seat 2: igrac'poker (€6.85 in chips) 
Seat 3: xXAAmONXx (€5.53 in chips) 
Seat 4: chiinche (€5.26 in chips) 
Seat 5: idealistslp (€4.99 in chips) 
Seat 6: juantiogot (€5.71 in chips) 
igrac'poker: posts small blind €0.02
xXAAmONXx: posts big blind €0.05
*** HOLE CARDS ***
Dealt to idealistslp [5d Jc]
chiinche: folds 
idealistslp: folds 
juantiogot: raises €0.05 to €0.10
MENDACANELO: folds 
igrac'poker: calls €0.08
xXAAmONXx: folds 
*** FLOP *** [3d 7c 7d]
igrac'poker: checks 
juantiogot: bets €0.05
igrac'poker: folds 
Uncalled bet (€0.05) returned to juantiogot
juantiogot collected €0.24 from pot
juantiogot: doesn't show hand 
*** SUMMARY ***
Total pot €0.25 | Rake €0.01 
Board [3d 7c 7d]
Seat 1: MENDACANELO (button) folded before Flop (didn't bet)
Seat 2: igrac'poker (small blind) folded on the Flop
Seat 3: xXAAmONXx (big blind) folded before Flop
Seat 4: chiinche folded before Flop (didn't bet)
Seat 5: idealistslp folded before Flop (didn't bet)
Seat 6: juantiogot collected (€0.24)



PokerStars Zoom Hand #259308613169:  Hold'em No Limit (€0.02/€0.05) - 2026/01/14 16:34:16 CET [2026/01/14 10:34:16 ET]
Table 'Asterope' 6-max Seat #1 is the button
Seat 1: brujAAveriia (€5.18 in chips) 
Seat 2: RemRois51 (€13.64 in chips) 
Seat 3: MENDACANELO (€4.86 in chips) 
Seat 4: idealistslp (€4.99 in chips) 
Seat 5: oscarmol (€6.77 in chips) 
Seat 6: MakesMeRich (€5 in chips) 
RemRois51: posts small blind €0.02
MENDACANELO: posts big blind €0.05
*** HOLE CARDS ***
Dealt to idealistslp [8c Tc]
idealistslp: folds 
oscarmol: folds 
MakesMeRich: folds 
brujAAveriia: folds 
RemRois51: raises €0.11 to €0.16
MENDACANELO: folds 
Uncalled bet (€0.11) returned to RemRois51
RemRois51 collected €0.10 from pot
RemRois51: doesn't show hand 
*** SUMMARY ***
Total pot €0.10 | Rake €0 
Seat 1: brujAAveriia (button) folded before Flop (didn't bet)
Seat 2: RemRois51 (small blind) collected (€0.10)
Seat 3: MENDACANELO (big blind) folded before Flop
Seat 4: idealistslp folded before Flop (didn't bet)
Seat 5: oscarmol folded before Flop (didn't bet)
Seat 6: MakesMeRich folded before Flop (didn't bet)



PokerStars Zoom Hand #259308614042:  Hold'em No Limit (€0.02/€0.05) - 2026/01/14 16:34:21 CET [2026/01/14 10:34:21 ET]
Table 'Asterope' 6-max Seat #1 is the button
Seat 1: idealistslp (€4.99 in chips) 
Seat 2: Hisense99 (€2.06 in chips) 
Seat 3: KerenR (€12.82 in chips) 
Seat 4: MelucheLeVieux (€5.24 in chips) 
Seat 5: RemRois51 (€5 in chips) 
Seat 6: oscarmol (€6.77 in chips) 
Hisense99: posts small blind €0.02
KerenR: posts big blind €0.05
*** HOLE CARDS ***
Dealt to idealistslp [Ah 3h]
MelucheLeVieux: folds 
RemRois51: folds 
oscarmol: raises €0.05 to €0.10
idealistslp: calls €0.10
Hisense99: folds 
KerenR: raises €0.32 to €0.42
oscarmol: folds 
idealistslp: folds 
Uncalled bet (€0.32) returned to KerenR
KerenR collected €0.32 from pot
KerenR: doesn't show hand 
*** SUMMARY ***
Total pot €0.32 | Rake €0 
Seat 1: idealistslp (button) folded before Flop
Seat 2: Hisense99 (small blind) folded before Flop
Seat 3: KerenR (big blind) collected (€0.32)
Seat 4: MelucheLeVieux folded before Flop (didn't bet)
Seat 5: RemRois51 folded before Flop (didn't bet)
Seat 6: oscarmol folded before Flop



PokerStars Zoom Hand #259308618024:  Hold'em No Limit (€0.02/€0.05) - 2026/01/14 16:34:45 CET [2026/01/14 10:34:45 ET]
Table 'Asterope' 6-max Seat #1 is the button
Seat 1: terrydandres (€1.82 in chips) 
Seat 2: FllanosB (€5.70 in chips) 
Seat 3: idealistslp (€4.89 in chips) 
Seat 4: Rourou1734 (€2.13 in chips) 
Seat 5: igrac'poker (€6.75 in chips) 
Seat 6: SirButterman (€5.63 in chips) 
FllanosB: posts small blind €0.02
idealistslp: posts big blind €0.05
*** HOLE CARDS ***
Dealt to idealistslp [Jd 2s]
Rourou1734: folds 
igrac'poker: folds 
SirButterman: folds 
terrydandres: raises €0.10 to €0.15
FllanosB: folds 
idealistslp: folds 
Uncalled bet (€0.10) returned to terrydandres
terrydandres collected €0.12 from pot
terrydandres: doesn't show hand 
*** SUMMARY ***
Total pot €0.12 | Rake €0 
Seat 1: terrydandres (button) collected (€0.12)
Seat 2: FllanosB (small blind) folded before Flop
Seat 3: idealistslp (big blind) folded before Flop
Seat 4: Rourou1734 folded before Flop (didn't bet)
Seat 5: igrac'poker folded before Flop (didn't bet)
Seat 6: SirButterman folded before Flop (didn't bet)



PokerStars Zoom Hand #259308620216:  Hold'em No Limit (€0.02/€0.05) - 2026/01/14 16:34:58 CET [2026/01/14 10:34:58 ET]
Table 'Asterope' 6-max Seat #1 is the button
Seat 1: oscarmol (€6.62 in chips) 
Seat 2: idealistslp (€4.84 in chips) 
Seat 3: xXAAmONXx (€5.53 in chips) 
Seat 4: Jorgebcn76 (€5.47 in chips) 
Seat 5: MelucheLeVieux (€5.19 in chips) 
Seat 6: MENDACANELO (€3.84 in chips) 
idealistslp: posts small blind €0.02
xXAAmONXx: posts big blind €0.05
*** HOLE CARDS ***
Dealt to idealistslp [Jh 5h]
Jorgebcn76: folds 
MelucheLeVieux: folds 
MENDACANELO: folds 
oscarmol: raises €0.06 to €0.11
idealistslp: folds 
xXAAmONXx: folds 
Uncalled bet (€0.06) returned to oscarmol
oscarmol collected €0.12 from pot
oscarmol: doesn't show hand 
*** SUMMARY ***
Total pot €0.12 | Rake €0 
Seat 1: oscarmol (button) collected (€0.12)
Seat 2: idealistslp (small blind) folded before Flop
Seat 3: xXAAmONXx (big blind) folded before Flop
Seat 4: Jorgebcn76 folded before Flop (didn't bet)
Seat 5: MelucheLeVieux folded before Flop (didn't bet)
Seat 6: MENDACANELO folded before Flop (didn't bet)



PokerStars Zoom Hand #259308621105:  Hold'em No Limit (€0.02/€0.05) - 2026/01/14 16:35:03 CET [2026/01/14 10:35:03 ET]
Table 'Asterope' 6-max Seat #1 is the button
Seat 1: MENDACANELO (€7.99 in chips) 
Seat 2: Jorgebcn76 (€5.47 in chips) 
Seat 3: terrydandres (€1.89 in chips) 
Seat 4: idealistslp (€4.82 in chips) 
Seat 5: Hisense99 (€1.99 in chips) 
Seat 6: KerenR (€5.57 in chips) 
Jorgebcn76: posts small blind €0.02
terrydandres: posts big blind €0.05
*** HOLE CARDS ***
Dealt to idealistslp [Kd Ah]
idealistslp: raises €0.05 to €0.10
Hisense99: folds 
KerenR: calls €0.10
MENDACANELO: folds 
Jorgebcn76: folds 
terrydandres: calls €0.05
*** FLOP *** [3s 4d 4c]
terrydandres: checks 
idealistslp: bets €0.30
KerenR: folds 
terrydandres: folds 
Uncalled bet (€0.30) returned to idealistslp
idealistslp collected €0.30 from pot
idealistslp: doesn't show hand 
*** SUMMARY ***
Total pot €0.32 | Rake €0.02 
Board [3s 4d 4c]
Seat 1: MENDACANELO (button) folded before Flop (didn't bet)
Seat 2: Jorgebcn76 (small blind) folded before Flop
Seat 3: terrydandres (big blind) folded on the Flop
Seat 4: idealistslp collected (€0.30)
Seat 5: Hisense99 folded before Flop (didn't bet)
Seat 6: KerenR folded on the Flop



PokerStars Zoom Hand #259308619610:  Hold'em No Limit (€0.02/€0.05) - 2026/01/14 16:34:54 CET [2026/01/14 10:34:54 ET]
Table 'Asterope' 6-max Seat #1 is the button
Seat 1: crmLL (€8.53 in chips) 
Seat 2: PokerIzGood (€5.73 in chips) 
Seat 3: chiinche (€5.19 in chips) 
Seat 4: pingu_771 (€7.45 in chips) 
Seat 5: marry24 (€5.56 in chips) 
Seat 6: idealistslp (€4.84 in chips) 
PokerIzGood: posts small blind €0.02
chiinche: posts big blind €0.05
*** HOLE CARDS ***
Dealt to idealistslp [8d 3c]
pingu_771: folds 
marry24: folds 
idealistslp: folds 
crmLL: folds 
PokerIzGood: raises €0.10 to €0.15
chiinche: calls €0.10
*** FLOP *** [3s 5d 6d]
PokerIzGood: bets €0.14
chiinche: calls €0.14
*** TURN *** [3s 5d 6d] [Jd]
PokerIzGood: bets €0.41
chiinche: calls €0.41
*** RIVER *** [3s 5d 6d Jd] [8h]
PokerIzGood: checks 
chiinche: checks 
*** SHOW DOWN ***
PokerIzGood: shows [7d 7s] (a pair of Sevens)
chiinche: mucks hand 
PokerIzGood collected €1.33 from pot
*** SUMMARY ***
Total pot €1.40 | Rake €0.07 
Board [3s 5d 6d Jd 8h]
Seat 1: crmLL (button) folded before Flop (didn't bet)
Seat 2: PokerIzGood (small blind) showed [7d 7s] and won (€1.33) with a pair of Sevens
Seat 3: chiinche (big blind) mucked [5s As]
Seat 4: pingu_771 folded before Flop (didn't bet)
Seat 5: marry24 folded before Flop (didn't bet)
Seat 6: idealistslp folded before Flop (didn't bet)



PokerStars Zoom Hand #259308626558:  Hold'em No Limit (€0.02/€0.05) - 2026/01/14 16:35:35 CET [2026/01/14 10:35:35 ET]
Table 'Asterope' 6-max Seat #1 is the button
Seat 1: crmLL (€17.30 in chips) 
Seat 2: pingu_771 (€7.59 in chips) 
Seat 3: Beni97844 (€4.93 in chips) 
Seat 4: MENDACANELO (€7.92 in chips) 
Seat 5: MakesMeRich (€5 in chips) 
Seat 6: idealistslp (€5.02 in chips) 
pingu_771: posts small blind €0.02
Beni97844: posts big blind €0.05
*** HOLE CARDS ***
Dealt to idealistslp [5d 8s]
MENDACANELO: folds 
MakesMeRich: raises €0.05 to €0.10
idealistslp: folds 
crmLL: folds 
pingu_771: folds 
Beni97844: calls €0.05
*** FLOP *** [7h Js 3s]
Beni97844: bets €0.11
MakesMeRich: folds 
Uncalled bet (€0.11) returned to Beni97844
Beni97844 collected €0.21 from pot
Beni97844: doesn't show hand 
*** SUMMARY ***
Total pot €0.22 | Rake €0.01 
Board [7h Js 3s]
Seat 1: crmLL (button) folded before Flop (didn't bet)
Seat 2: pingu_771 (small blind) folded before Flop
Seat 3: Beni97844 (big blind) collected (€0.21)
Seat 4: MENDACANELO folded before Flop (didn't bet)
Seat 5: MakesMeRich folded on the Flop
Seat 6: idealistslp folded before Flop (didn't bet)



PokerStars Zoom Hand #259308628556:  Hold'em No Limit (€0.02/€0.05) - 2026/01/14 16:35:47 CET [2026/01/14 10:35:47 ET]
Table 'Asterope' 6-max Seat #1 is the button
Seat 1: balandine186 (€3.75 in chips) 
Seat 2: idealistslp (€5.02 in chips) 
Seat 3: terrydandres (€1.50 in chips) 
Seat 4: MelucheLeVieux (€8.55 in chips) 
Seat 5: crmLL (€17.30 in chips) 
Seat 6: trumoan (€6.30 in chips) 
idealistslp: posts small blind €0.02
terrydandres: posts big blind €0.05
*** HOLE CARDS ***
Dealt to idealistslp [Td 9d]
MelucheLeVieux: folds 
crmLL: raises €0.05 to €0.10
trumoan: folds 
balandine186: folds 
idealistslp: folds 
terrydandres: folds 
Uncalled bet (€0.05) returned to crmLL
crmLL collected €0.12 from pot
crmLL: doesn't show hand 
*** SUMMARY ***
Total pot €0.12 | Rake €0 
Seat 1: balandine186 (button) folded before Flop (didn't bet)
Seat 2: idealistslp (small blind) folded before Flop
Seat 3: terrydandres (big blind) folded before Flop
Seat 4: MelucheLeVieux folded before Flop (didn't bet)
Seat 5: crmLL collected (€0.12)
Seat 6: trumoan folded before Flop (didn't bet)



PokerStars Zoom Hand #259308627673:  Hold'em No Limit (€0.02/€0.05) - 2026/01/14 16:35:42 CET [2026/01/14 10:35:42 ET]
Table 'Asterope' 6-max Seat #1 is the button
Seat 1: marry24 (€5.56 in chips) 
Seat 2: trumoan (€6.32 in chips) 
Seat 3: MENDACANELO (€4.98 in chips) 
Seat 4: feerry61 (€5.60 in chips) 
Seat 5: idealistslp (€5.02 in chips) 
Seat 6: jeje49130 (€3.63 in chips) 
trumoan: posts small blind €0.02
MENDACANELO: posts big blind €0.05
*** HOLE CARDS ***
Dealt to idealistslp [Qs 8c]
feerry61: folds 
idealistslp: folds 
jeje49130: folds 
marry24: raises €0.08 to €0.13
trumoan: folds 
MENDACANELO: folds 
Uncalled bet (€0.08) returned to marry24
marry24 collected €0.12 from pot
marry24: doesn't show hand 
*** SUMMARY ***
Total pot €0.12 | Rake €0 
Seat 1: marry24 (button) collected (€0.12)
Seat 2: trumoan (small blind) folded before Flop
Seat 3: MENDACANELO (big blind) folded before Flop
Seat 4: feerry61 folded before Flop (didn't bet)
Seat 5: idealistslp folded before Flop (didn't bet)
Seat 6: jeje49130 folded before Flop (didn't bet)



PokerStars Zoom Hand #259308631768:  Hold'em No Limit (€0.02/€0.05) - 2026/01/14 16:36:06 CET [2026/01/14 10:36:06 ET]
Table 'Asterope' 6-max Seat #1 is the button
Seat 1: Hisense99 (€1.97 in chips) 
Seat 2: KarmaPoker24 (€12.42 in chips) 
Seat 3: crmLL (€4.03 in chips) 
Seat 4: jeffbref (€4.10 in chips) 
Seat 5: idealistslp (€4.95 in chips) 
Seat 6: FllanosB (€5.61 in chips) 
KarmaPoker24: posts small blind €0.02
crmLL: posts big blind €0.05
*** HOLE CARDS ***
Dealt to idealistslp [Tc 4d]
jeffbref: folds 
idealistslp: folds 
FllanosB: folds 
Hisense99: folds 
KarmaPoker24: folds 
Uncalled bet (€0.03) returned to crmLL
crmLL collected €0.04 from pot
crmLL: doesn't show hand 
*** SUMMARY ***
Total pot €0.04 | Rake €0 
Seat 1: Hisense99 (button) folded before Flop (didn't bet)
Seat 2: KarmaPoker24 (small blind) folded before Flop
Seat 3: crmLL (big blind) collected (€0.04)
Seat 4: jeffbref folded before Flop (didn't bet)
Seat 5: idealistslp folded before Flop (didn't bet)
Seat 6: FllanosB folded before Flop (didn't bet)



PokerStars Zoom Hand #259308630805:  Hold'em No Limit (€0.02/€0.05) - 2026/01/14 16:36:00 CET [2026/01/14 10:36:00 ET]
Table 'Asterope' 6-max Seat #1 is the button
Seat 1: idealistslp (€4.95 in chips) 
Seat 2: feerry61 (€5.55 in chips) 
Seat 3: MENDACANELO (€7.92 in chips) 
Seat 4: MakesMeRich (€5 in chips) 
Seat 5: terrydandres (€1.45 in chips) 
Seat 6: crmLL (€4.03 in chips) 
feerry61: posts small blind €0.02
MENDACANELO: posts big blind €0.05
*** HOLE CARDS ***
Dealt to idealistslp [6h Qd]
MakesMeRich: folds 
terrydandres: raises €0.10 to €0.15
crmLL: folds 
idealistslp: folds 
feerry61: folds 
MENDACANELO: raises €0.30 to €0.45
terrydandres: calls €0.30
*** FLOP *** [Qh 2s 5d]
MENDACANELO: bets €7.47 and is all-in
terrydandres: folds 
Uncalled bet (€7.47) returned to MENDACANELO
MENDACANELO collected €0.87 from pot
MENDACANELO: doesn't show hand 
*** SUMMARY ***
Total pot €0.92 | Rake €0.05 
Board [Qh 2s 5d]
Seat 1: idealistslp (button) folded before Flop (didn't bet)
Seat 2: feerry61 (small blind) folded before Flop
Seat 3: MENDACANELO (big blind) collected (€0.87)
Seat 4: MakesMeRich folded before Flop (didn't bet)
Seat 5: terrydandres folded on the Flop
Seat 6: crmLL folded before Flop (didn't bet)



PokerStars Zoom Hand #259308633949:  Hold'em No Limit (€0.02/€0.05) - 2026/01/14 16:36:19 CET [2026/01/14 10:36:19 ET]
Table 'Asterope' 6-max Seat #1 is the button
Seat 1: ATOJ5 (€3.93 in chips) 
Seat 2: Jorgebcn76 (€12.95 in chips) 
Seat 3: olijmandrea (€8.17 in chips) 
Seat 4: idealistslp (€4.95 in chips) 
Seat 5: MelucheLeVieux (€8.53 in chips) 
Seat 6: jeffbref (€4.10 in chips) 
Jorgebcn76: posts small blind €0.02
olijmandrea: posts big blind €0.05
*** HOLE CARDS ***
Dealt to idealistslp [Td Ac]
idealistslp: folds 
MelucheLeVieux: folds 
jeffbref: folds 
ATOJ5: folds 
Jorgebcn76: raises €0.11 to €0.16
olijmandrea: folds 
Uncalled bet (€0.11) returned to Jorgebcn76
Jorgebcn76 collected €0.10 from pot
Jorgebcn76: doesn't show hand 
*** SUMMARY ***
Total pot €0.10 | Rake €0 
Seat 1: ATOJ5 (button) folded before Flop (didn't bet)
Seat 2: Jorgebcn76 (small blind) collected (€0.10)
Seat 3: olijmandrea (big blind) folded before Flop
Seat 4: idealistslp folded before Flop (didn't bet)
Seat 5: MelucheLeVieux folded before Flop (didn't bet)
Seat 6: jeffbref folded before Flop (didn't bet)



PokerStars Zoom Hand #259308629212:  Hold'em No Limit (€0.02/€0.05) - 2026/01/14 16:35:51 CET [2026/01/14 10:35:51 ET]
Table 'Asterope' 6-max Seat #1 is the button
Seat 1: PokerIzGood (€20.47 in chips) 
Seat 2: MENDACANELO (€3.79 in chips) 
Seat 3: idealistslp (€5 in chips) 
Seat 4: trumoan (€6.30 in chips) 
Seat 5: RemRois51 (€4.98 in chips) 
Seat 6: balandine186 (€3.75 in chips) 
MENDACANELO: posts small blind €0.02
idealistslp: posts big blind €0.05
*** HOLE CARDS ***
Dealt to idealistslp [Kh 5d]
trumoan: raises €0.05 to €0.10
RemRois51: folds 
balandine186: folds 
PokerIzGood: calls €0.10
MENDACANELO: folds 
idealistslp: folds 
*** FLOP *** [4s 3c Ks]
trumoan: bets €0.18
PokerIzGood: calls €0.18
*** TURN *** [4s 3c Ks] [Ts]
trumoan: checks 
PokerIzGood: checks 
*** RIVER *** [4s 3c Ks Ts] [Qs]
trumoan: checks 
PokerIzGood: checks 
*** SHOW DOWN ***
trumoan: shows [4h 4c] (three of a kind, Fours)
PokerIzGood: shows [7s 7d] (a flush, King high)
PokerIzGood collected €0.60 from pot
*** SUMMARY ***
Total pot €0.63 | Rake €0.03 
Board [4s 3c Ks Ts Qs]
Seat 1: PokerIzGood (button) showed [7s 7d] and won (€0.60) with a flush, King high
Seat 2: MENDACANELO (small blind) folded before Flop
Seat 3: idealistslp (big blind) folded before Flop
Seat 4: trumoan showed [4h 4c] and lost with three of a kind, Fours
Seat 5: RemRois51 folded before Flop (didn't bet)
Seat 6: balandine186 folded before Flop (didn't bet)



PokerStars Zoom Hand #259308635343:  Hold'em No Limit (€0.02/€0.05) - 2026/01/14 16:36:27 CET [2026/01/14 10:36:27 ET]
Table 'Asterope' 6-max Seat #1 is the button
Seat 1: MakesMeRich (€5.05 in chips) 
Seat 2: jeffbref (€4.10 in chips) 
Seat 3: idealistslp (€4.95 in chips) 
Seat 4: MelucheLeVieux (€8.53 in chips) 
Seat 5: xXAAmONXx (€5 in chips) 
Seat 6: ATOJ5 (€3.93 in chips) 
jeffbref: posts small blind €0.02
idealistslp: posts big blind €0.05
*** HOLE CARDS ***
Dealt to idealistslp [3h 7c]
MelucheLeVieux: folds 
xXAAmONXx: folds 
ATOJ5: folds 
MakesMeRich: folds 
jeffbref: folds 
Uncalled bet (€0.03) returned to idealistslp
idealistslp collected €0.04 from pot
idealistslp: doesn't show hand 
*** SUMMARY ***
Total pot €0.04 | Rake €0 
Seat 1: MakesMeRich (button) folded before Flop (didn't bet)
Seat 2: jeffbref (small blind) folded before Flop
Seat 3: idealistslp (big blind) collected (€0.04)
Seat 4: MelucheLeVieux folded before Flop (didn't bet)
Seat 5: xXAAmONXx folded before Flop (didn't bet)
Seat 6: ATOJ5 folded before Flop (didn't bet)



PokerStars Zoom Hand #259308637901:  Hold'em No Limit (€0.02/€0.05) - 2026/01/14 16:36:42 CET [2026/01/14 10:36:42 ET]
Table 'Asterope' 6-max Seat #1 is the button
Seat 1: idealistslp (€4.97 in chips) 
Seat 2: titus&mus (€4.35 in chips) 
Seat 3: Jorgebcn76 (€5.92 in chips) 
Seat 4: MENDACANELO (€5.05 in chips) 
Seat 5: bfg0007 (€5 in chips) 
Seat 6: Bamm6 (€7.05 in chips) 
titus&mus: posts small blind €0.02
Jorgebcn76: posts big blind €0.05
*** HOLE CARDS ***
Dealt to idealistslp [Ks 9d]
MENDACANELO: folds 
bfg0007: folds 
Bamm6: folds 
idealistslp: folds 
titus&mus: folds 
Uncalled bet (€0.03) returned to Jorgebcn76
Jorgebcn76 collected €0.04 from pot
Jorgebcn76: doesn't show hand 
*** SUMMARY ***
Total pot €0.04 | Rake €0 
Seat 1: idealistslp (button) folded before Flop (didn't bet)
Seat 2: titus&mus (small blind) folded before Flop
Seat 3: Jorgebcn76 (big blind) collected (€0.04)
Seat 4: MENDACANELO folded before Flop (didn't bet)
Seat 5: bfg0007 folded before Flop (didn't bet)
Seat 6: Bamm6 folded before Flop (didn't bet)



PokerStars Zoom Hand #259308639300:  Hold'em No Limit (€0.02/€0.05) - 2026/01/14 16:36:50 CET [2026/01/14 10:36:50 ET]
Table 'Asterope' 6-max Seat #1 is the button
Seat 1: bfg0007 (€5 in chips) 
Seat 2: Bamm6 (€4.97 in chips) 
Seat 3: Jorgebcn76 (€13.07 in chips) 
Seat 4: Hisense99 (€3.81 in chips) 
Seat 5: anar1312 (€4.45 in chips) 
Seat 6: idealistslp (€4.95 in chips) 
Bamm6: posts small blind €0.02
Jorgebcn76: posts big blind €0.05
*** HOLE CARDS ***
Dealt to idealistslp [Jc 7d]
Hisense99: folds 
anar1312: folds 
idealistslp: folds 
bfg0007: folds 
Bamm6: folds 
Uncalled bet (€0.03) returned to Jorgebcn76
Jorgebcn76 collected €0.04 from pot
Jorgebcn76: doesn't show hand 
*** SUMMARY ***
Total pot €0.04 | Rake €0 
Seat 1: bfg0007 (button) folded before Flop (didn't bet)
Seat 2: Bamm6 (small blind) folded before Flop
Seat 3: Jorgebcn76 (big blind) collected (€0.04)
Seat 4: Hisense99 folded before Flop (didn't bet)
Seat 5: anar1312 folded before Flop (didn't bet)
Seat 6: idealistslp folded before Flop (didn't bet)



PokerStars Zoom Hand #259308634865:  Hold'em No Limit (€0.02/€0.05) - 2026/01/14 16:36:24 CET [2026/01/14 10:36:24 ET]
Table 'Asterope' 6-max Seat #1 is the button
Seat 1: juanki37 (€6.29 in chips) 
Seat 2: crmLL (€17.32 in chips) 
Seat 3: chiinche (€5 in chips) 
Seat 4: idealistslp (€4.95 in chips) 
Seat 5: MakesMeRich (€7.09 in chips) 
Seat 6: RemRois51 (€25.06 in chips) 
crmLL: posts small blind €0.02
chiinche: posts big blind €0.05
*** HOLE CARDS ***
Dealt to idealistslp [Qc 7h]
idealistslp: folds 
MakesMeRich: folds 
RemRois51: folds 
juanki37: raises €0.07 to €0.12
crmLL: calls €0.10
chiinche: folds 
*** FLOP *** [2d 8h Ts]
crmLL: checks 
juanki37: bets €0.14
crmLL: calls €0.14
*** TURN *** [2d 8h Ts] [3d]
crmLL: checks 
juanki37: bets €0.41
crmLL: calls €0.41
*** RIVER *** [2d 8h Ts 3d] [8s]
crmLL: checks 
juanki37: bets €0.99
crmLL: calls €0.99
*** SHOW DOWN ***
juanki37: shows [Js Jd] (two pair, Jacks and Eights)
crmLL: mucks hand 
juanki37 collected €3.20 from pot
*** SUMMARY ***
Total pot €3.37 | Rake €0.17 
Board [2d 8h Ts 3d 8s]
Seat 1: juanki37 (button) showed [Js Jd] and won (€3.20) with two pair, Jacks and Eights
Seat 2: crmLL (small blind) mucked [7d Td]
Seat 3: chiinche (big blind) folded before Flop
Seat 4: idealistslp folded before Flop (didn't bet)
Seat 5: MakesMeRich folded before Flop (didn't bet)
Seat 6: RemRois51 folded before Flop (didn't bet)



PokerStars Zoom Hand #259308633306:  Hold'em No Limit (€0.02/€0.05) - 2026/01/14 16:36:15 CET [2026/01/14 10:36:15 ET]
Table 'Asterope' 6-max Seat #1 is the button
Seat 1: PokerIzGood (€6.51 in chips) 
Seat 2: feerry61 (€5 in chips) 
Seat 3: FllanosB (€5.61 in chips) 
Seat 4: olijmandrea (€8.17 in chips) 
Seat 5: pingu_771 (€7.52 in chips) 
Seat 6: idealistslp (€4.95 in chips) 
feerry61: posts small blind €0.02
FllanosB: posts big blind €0.05
*** HOLE CARDS ***
Dealt to idealistslp [2s 7h]
olijmandrea: folds 
pingu_771: folds 
idealistslp: folds 
PokerIzGood: raises €0.05 to €0.10
feerry61: folds 
FllanosB: calls €0.05
*** FLOP *** [Ts 2c 9s]
FllanosB: checks 
PokerIzGood: bets €0.11
FllanosB: folds 
Uncalled bet (€0.11) returned to PokerIzGood
PokerIzGood collected €0.21 from pot
PokerIzGood: doesn't show hand 
*** SUMMARY ***
Total pot €0.22 | Rake €0.01 
Board [Ts 2c 9s]
Seat 1: PokerIzGood (button) collected (€0.21)
Seat 2: feerry61 (small blind) folded before Flop
Seat 3: FllanosB (big blind) folded on the Flop
Seat 4: olijmandrea folded before Flop (didn't bet)
Seat 5: pingu_771 folded before Flop (didn't bet)
Seat 6: idealistslp folded before Flop (didn't bet)



PokerStars Zoom Hand #259308641174:  Hold'em No Limit (€0.02/€0.05) - 2026/01/14 16:37:01 CET [2026/01/14 10:37:01 ET]
Table 'Asterope' 6-max Seat #1 is the button
Seat 1: bfg0007 (€5 in chips) 
Seat 2: xXAAmONXx (€5.17 in chips) 
Seat 3: idealistslp (€4.95 in chips) 
Seat 4: marry24 (€5.65 in chips) 
Seat 5: Beni97844 (€5.13 in chips) 
Seat 6: crmLL (€4.26 in chips) 
xXAAmONXx: posts small blind €0.02
idealistslp: posts big blind €0.05
*** HOLE CARDS ***
Dealt to idealistslp [Qc Qs]
marry24: folds 
Beni97844: folds 
crmLL: folds 
bfg0007: folds 
xXAAmONXx: folds 
Uncalled bet (€0.03) returned to idealistslp
idealistslp collected €0.04 from pot
idealistslp: doesn't show hand 
*** SUMMARY ***
Total pot €0.04 | Rake €0 
Seat 1: bfg0007 (button) folded before Flop (didn't bet)
Seat 2: xXAAmONXx (small blind) folded before Flop
Seat 3: idealistslp (big blind) collected (€0.04)
Seat 4: marry24 folded before Flop (didn't bet)
Seat 5: Beni97844 folded before Flop (didn't bet)
Seat 6: crmLL folded before Flop (didn't bet)



PokerStars Zoom Hand #259308639990:  Hold'em No Limit (€0.02/€0.05) - 2026/01/14 16:36:55 CET [2026/01/14 10:36:55 ET]
Table 'Asterope' 6-max Seat #1 is the button
Seat 1: idealistslp (€4.95 in chips) 
Seat 2: MENDACANELO (€5.05 in chips) 
Seat 3: RemRois51 (€5 in chips) 
Seat 4: crmLL (€4.26 in chips) 
Seat 5: KerenR (€14.05 in chips) 
Seat 6: Bamm6 (€4.95 in chips) 
MENDACANELO: posts small blind €0.02
RemRois51: posts big blind €0.05
*** HOLE CARDS ***
Dealt to idealistslp [8h Js]
crmLL: folds 
KerenR: folds 
Bamm6: raises €0.10 to €0.15
idealistslp: folds 
MENDACANELO: folds 
RemRois51: folds 
Uncalled bet (€0.10) returned to Bamm6
Bamm6 collected €0.12 from pot
Bamm6: doesn't show hand 
*** SUMMARY ***
Total pot €0.12 | Rake €0 
Seat 1: idealistslp (button) folded before Flop (didn't bet)
Seat 2: MENDACANELO (small blind) folded before Flop
Seat 3: RemRois51 (big blind) folded before Flop
Seat 4: crmLL folded before Flop (didn't bet)
Seat 5: KerenR folded before Flop (didn't bet)
Seat 6: Bamm6 collected (€0.12)



PokerStars Zoom Hand #259308643340:  Hold'em No Limit (€0.02/€0.05) - 2026/01/14 16:37:14 CET [2026/01/14 10:37:14 ET]
Table 'Asterope' 6-max Seat #1 is the button
Seat 1: spartiate45win (€5.57 in chips) 
Seat 2: idealistslp (€4.97 in chips) 
Seat 3: bfg0007 (€5 in chips) 
Seat 4: ATOJ5 (€3.76 in chips) 
Seat 5: RemRois51 (€17.48 in chips) 
Seat 6: terrydandres (€0.90 in chips) 
idealistslp: posts small blind €0.02
bfg0007: posts big blind €0.05
*** HOLE CARDS ***
Dealt to idealistslp [7c As]
ATOJ5: folds 
RemRois51: folds 
terrydandres: folds 
spartiate45win: raises €0.12 to €0.17
idealistslp: folds 
bfg0007: folds 
Uncalled bet (€0.12) returned to spartiate45win
spartiate45win collected €0.12 from pot
spartiate45win: doesn't show hand 
*** SUMMARY ***
Total pot €0.12 | Rake €0 
Seat 1: spartiate45win (button) collected (€0.12)
Seat 2: idealistslp (small blind) folded before Flop
Seat 3: bfg0007 (big blind) folded before Flop
Seat 4: ATOJ5 folded before Flop (didn't bet)
Seat 5: RemRois51 folded before Flop (didn't bet)
Seat 6: terrydandres folded before Flop (didn't bet)



PokerStars Zoom Hand #259308646217:  Hold'em No Limit (€0.02/€0.05) - 2026/01/14 16:37:31 CET [2026/01/14 10:37:31 ET]
Table 'Asterope' 6-max Seat #1 is the button
Seat 1: bfg0007 (€5 in chips) 
Seat 2: MENDACANELO (€3.95 in chips) 
Seat 3: ra14sg (€1.93 in chips) 
Seat 4: idealistslp (€4.95 in chips) 
Seat 5: feerry61 (€5 in chips) 
Seat 6: Beni97844 (€5.08 in chips) 
MENDACANELO: posts small blind €0.02
ra14sg: posts big blind €0.05
*** HOLE CARDS ***
Dealt to idealistslp [2d 5d]
idealistslp: folds 
feerry61: raises €0.10 to €0.15
Beni97844: folds 
bfg0007: folds 
MENDACANELO: folds 
ra14sg: folds 
Uncalled bet (€0.10) returned to feerry61
feerry61 collected €0.12 from pot
feerry61: doesn't show hand 
*** SUMMARY ***
Total pot €0.12 | Rake €0 
Seat 1: bfg0007 (button) folded before Flop (didn't bet)
Seat 2: MENDACANELO (small blind) folded before Flop
Seat 3: ra14sg (big blind) folded before Flop
Seat 4: idealistslp folded before Flop (didn't bet)
Seat 5: feerry61 collected (€0.12)
Seat 6: Beni97844 folded before Flop (didn't bet)



PokerStars Zoom Hand #259308646695:  Hold'em No Limit (€0.02/€0.05) - 2026/01/14 16:37:34 CET [2026/01/14 10:37:34 ET]
Table 'Asterope' 6-max Seat #1 is the button
Seat 1: MENDACANELO (€8.25 in chips) 
Seat 2: ATOJ5 (€3.93 in chips) 
Seat 3: RemRois51 (€17.46 in chips) 
Seat 4: PokerIzGood (€6.62 in chips) 
Seat 5: KerenR (€6.79 in chips) 
Seat 6: idealistslp (€4.95 in chips) 
ATOJ5: posts small blind €0.02
RemRois51: posts big blind €0.05
*** HOLE CARDS ***
Dealt to idealistslp [8c 5c]
PokerIzGood: folds 
KerenR has timed out
KerenR: folds 
idealistslp: folds 
MENDACANELO: folds 
ATOJ5: raises €0.07 to €0.12
RemRois51: folds 
Uncalled bet (€0.07) returned to ATOJ5
ATOJ5 collected €0.10 from pot
ATOJ5: doesn't show hand 
*** SUMMARY ***
Total pot €0.10 | Rake €0 
Seat 1: MENDACANELO (button) folded before Flop (didn't bet)
Seat 2: ATOJ5 (small blind) collected (€0.10)
Seat 3: RemRois51 (big blind) folded before Flop
Seat 4: PokerIzGood folded before Flop (didn't bet)
Seat 5: KerenR folded before Flop (didn't bet)
Seat 6: idealistslp folded before Flop (didn't bet)



PokerStars Zoom Hand #259308638579:  Hold'em No Limit (€0.02/€0.05) - 2026/01/14 16:36:46 CET [2026/01/14 10:36:46 ET]
Table 'Asterope' 6-max Seat #1 is the button
Seat 1: olijmandrea (€8.17 in chips) 
Seat 2: idealistslp (€4.97 in chips) 
Seat 3: Rourou1734 (€2.06 in chips) 
Seat 4: Benficavnp (€6.02 in chips) 
Seat 5: P-BRUTUS (€2.97 in chips) 
Seat 6: caacmad (€5.13 in chips) 
idealistslp: posts small blind €0.02
Rourou1734: posts big blind €0.05
*** HOLE CARDS ***
Dealt to idealistslp [6s 8s]
Benficavnp: calls €0.05
P-BRUTUS: calls €0.05
caacmad: raises €0.10 to €0.15
olijmandrea: folds 
idealistslp: folds 
Rourou1734: folds 
Benficavnp: calls €0.10
P-BRUTUS: calls €0.10
*** FLOP *** [9d 8c 5c]
Benficavnp: checks 
P-BRUTUS: checks 
caacmad: checks 
*** TURN *** [9d 8c 5c] [As]
Benficavnp: checks 
P-BRUTUS: bets €0.15
caacmad: folds 
Benficavnp: folds 
Uncalled bet (€0.15) returned to P-BRUTUS
P-BRUTUS collected €0.49 from pot
P-BRUTUS: doesn't show hand 
*** SUMMARY ***
Total pot €0.52 | Rake €0.03 
Board [9d 8c 5c As]
Seat 1: olijmandrea (button) folded before Flop (didn't bet)
Seat 2: idealistslp (small blind) folded before Flop
Seat 3: Rourou1734 (big blind) folded before Flop
Seat 4: Benficavnp folded on the Turn
Seat 5: P-BRUTUS collected (€0.49)
Seat 6: caacmad folded on the Turn



PokerStars Zoom Hand #259308651436:  Hold'em No Limit (€0.02/€0.05) - 2026/01/14 16:38:03 CET [2026/01/14 10:38:03 ET]
Table 'Asterope' 6-max Seat #1 is the button
Seat 1: idealistslp (€4.70 in chips) 
Seat 2: SirButterman (€6.24 in chips) 
Seat 3: RemRois51 (€25.04 in chips) 
Seat 4: marry24 (€6.24 in chips) 
Seat 5: Jorgebcn76 (€6.71 in chips) 
Seat 6: sim19ks (€13.45 in chips) 
SirButterman: posts small blind €0.02
RemRois51: posts big blind €0.05
*** HOLE CARDS ***
Dealt to idealistslp [8h 4h]
marry24: raises €0.08 to €0.13
Jorgebcn76: folds 
sim19ks: folds 
idealistslp: folds 
SirButterman: folds 
RemRois51: folds 
Uncalled bet (€0.08) returned to marry24
marry24 collected €0.12 from pot
marry24: doesn't show hand 
*** SUMMARY ***
Total pot €0.12 | Rake €0 
Seat 1: idealistslp (button) folded before Flop (didn't bet)
Seat 2: SirButterman (small blind) folded before Flop
Seat 3: RemRois51 (big blind) folded before Flop
Seat 4: marry24 collected (€0.12)
Seat 5: Jorgebcn76 folded before Flop (didn't bet)
Seat 6: sim19ks folded before Flop (didn't bet)



PokerStars Zoom Hand #259308645180:  Hold'em No Limit (€0.02/€0.05) - 2026/01/14 16:37:25 CET [2026/01/14 10:37:25 ET]
Table 'Asterope' 6-max Seat #1 is the button
Seat 1: MakesMeRich (€6.92 in chips) 
Seat 2: oscarmol (€6.14 in chips) 
Seat 3: juanki37 (€7.83 in chips) 
Seat 4: titus&mus (€5 in chips) 
Seat 5: idealistslp (€4.95 in chips) 
Seat 6: PetroniloPT (€1.93 in chips) 
oscarmol: posts small blind €0.02
juanki37: posts big blind €0.05
*** HOLE CARDS ***
Dealt to idealistslp [3h 2h]
titus&mus: folds 
idealistslp: folds 
PetroniloPT: folds 
MakesMeRich: folds 
oscarmol: raises €0.08 to €0.13
juanki37: calls €0.08
*** FLOP *** [4s Jc Qs]
oscarmol: bets €0.08
juanki37: calls €0.08
*** TURN *** [4s Jc Qs] [8d]
oscarmol: bets €0.13
juanki37: raises €0.50 to €0.63
oscarmol: folds 
Uncalled bet (€0.50) returned to juanki37
juanki37 collected €0.65 from pot
juanki37: doesn't show hand 
*** SUMMARY ***
Total pot €0.68 | Rake €0.03 
Board [4s Jc Qs 8d]
Seat 1: MakesMeRich (button) folded before Flop (didn't bet)
Seat 2: oscarmol (small blind) folded on the Turn
Seat 3: juanki37 (big blind) collected (€0.65)
Seat 4: titus&mus folded before Flop (didn't bet)
Seat 5: idealistslp folded before Flop (didn't bet)
Seat 6: PetroniloPT folded before Flop (didn't bet)



PokerStars Zoom Hand #259308647410:  Hold'em No Limit (€0.02/€0.05) - 2026/01/14 16:37:39 CET [2026/01/14 10:37:39 ET]
Table 'Asterope' 6-max Seat #1 is the button
Seat 1: Bamm6 (€5.04 in chips) 
Seat 2: MakesMeRich (€5.07 in chips) 
Seat 3: jeje49130 (€3.80 in chips) 
Seat 4: Josskijano (€5.81 in chips) 
Seat 5: idealistslp (€4.95 in chips) 
Seat 6: Jorgebcn76 (€5.81 in chips) 
MakesMeRich: posts small blind €0.02
jeje49130: posts big blind €0.05
*** HOLE CARDS ***
Dealt to idealistslp [4h 4c]
Josskijano: folds 
idealistslp: calls €0.05
Jorgebcn76: raises €0.20 to €0.25
Bamm6: calls €0.25
MakesMeRich: folds 
jeje49130: folds 
idealistslp: calls €0.20
*** FLOP *** [7s 6c Ks]
idealistslp: checks 
Jorgebcn76: bets €0.23
Bamm6: calls €0.23
idealistslp: folds 
*** TURN *** [7s 6c Ks] [8d]
Jorgebcn76: bets €1.28
Bamm6: calls €1.28
*** RIVER *** [7s 6c Ks 8d] [8s]
Jorgebcn76: checks 
Bamm6: bets €3.28 and is all-in
Jorgebcn76: folds 
Uncalled bet (€3.28) returned to Bamm6
Bamm6 collected €3.65 from pot
Bamm6: doesn't show hand 
*** SUMMARY ***
Total pot €3.84 | Rake €0.19 
Board [7s 6c Ks 8d 8s]
Seat 1: Bamm6 (button) collected (€3.65)
Seat 2: MakesMeRich (small blind) folded before Flop
Seat 3: jeje49130 (big blind) folded before Flop
Seat 4: Josskijano folded before Flop (didn't bet)
Seat 5: idealistslp folded on the Flop
Seat 6: Jorgebcn76 folded on the River



PokerStars Zoom Hand #259308652409:  Hold'em No Limit (€0.02/€0.05) - 2026/01/14 16:38:09 CET [2026/01/14 10:38:09 ET]
Table 'Asterope' 6-max Seat #1 is the button
Seat 1: juantiogot (€6.59 in chips) 
Seat 2: sim19ks (€13.45 in chips) 
Seat 3: idealistslp (€4.70 in chips) 
Seat 4: Moncerrate42 (€5 in chips) 
Seat 5: bfg0007 (€5 in chips) 
Seat 6: KerenR (€6.74 in chips) 
sim19ks: posts small blind €0.02
idealistslp: posts big blind €0.05
*** HOLE CARDS ***
Dealt to idealistslp [7c Ac]
Moncerrate42: raises €0.05 to €0.10
bfg0007: folds 
KerenR: calls €0.10
juantiogot: folds 
sim19ks: folds 
idealistslp: calls €0.05
*** FLOP *** [6h 3c Ts]
idealistslp: checks 
Moncerrate42: checks 
KerenR: checks 
*** TURN *** [6h 3c Ts] [5d]
idealistslp: checks 
Moncerrate42: bets €0.41
KerenR: calls €0.41
idealistslp: folds 
*** RIVER *** [6h 3c Ts 5d] [3d]
Moncerrate42: checks 
KerenR: bets €1.08
Moncerrate42: calls €1.08
*** SHOW DOWN ***
KerenR: shows [4s 4c] (two pair, Fours and Threes)
Moncerrate42: shows [Ah Td] (two pair, Tens and Threes)
Moncerrate42 collected €3.14 from pot
*** SUMMARY ***
Total pot €3.30 | Rake €0.16 
Board [6h 3c Ts 5d 3d]
Seat 1: juantiogot (button) folded before Flop (didn't bet)
Seat 2: sim19ks (small blind) folded before Flop
Seat 3: idealistslp (big blind) folded on the Turn
Seat 4: Moncerrate42 showed [Ah Td] and won (€3.14) with two pair, Tens and Threes
Seat 5: bfg0007 folded before Flop (didn't bet)
Seat 6: KerenR showed [4s 4c] and lost with two pair, Fours and Threes



PokerStars Zoom Hand #259308658917:  Hold'em No Limit (€0.02/€0.05) - 2026/01/14 16:38:48 CET [2026/01/14 10:38:48 ET]
Table 'Asterope' 6-max Seat #1 is the button
Seat 1: PokerIzGood (€19.15 in chips) 
Seat 2: idealistslp (€4.60 in chips) 
Seat 3: sikikis (€4.18 in chips) 
Seat 4: MENDACANELO (€8.32 in chips) 
Seat 5: washorage52 (€4.16 in chips) 
Seat 6: P-BRUTUS (€3.24 in chips) 
idealistslp: posts small blind €0.02
sikikis: posts big blind €0.05
*** HOLE CARDS ***
Dealt to idealistslp [4s As]
MENDACANELO: folds 
washorage52: folds 
P-BRUTUS: folds 
PokerIzGood: folds 
idealistslp: calls €0.03
sikikis: checks 
*** FLOP *** [Jd 5d 7d]
idealistslp: bets €0.10
sikikis: calls €0.10
*** TURN *** [Jd 5d 7d] [3d]
idealistslp: checks 
sikikis: bets €0.14
idealistslp: folds 
Uncalled bet (€0.14) returned to sikikis
sikikis collected €0.28 from pot
sikikis: doesn't show hand 
*** SUMMARY ***
Total pot €0.30 | Rake €0.02 
Board [Jd 5d 7d 3d]
Seat 1: PokerIzGood (button) folded before Flop (didn't bet)
Seat 2: idealistslp (small blind) folded on the Turn
Seat 3: sikikis (big blind) collected (€0.28)
Seat 4: MENDACANELO folded before Flop (didn't bet)
Seat 5: washorage52 folded before Flop (didn't bet)
Seat 6: P-BRUTUS folded before Flop (didn't bet)



PokerStars Zoom Hand #259308664025:  Hold'em No Limit (€0.02/€0.05) - 2026/01/14 16:39:18 CET [2026/01/14 10:39:18 ET]
Table 'Asterope' 6-max Seat #1 is the button
Seat 1: terrydandres (€1 in chips) 
Seat 2: KerenR (€6.07 in chips) 
Seat 3: xXAAmONXx (€6.60 in chips) 
Seat 4: anar1312 (€4.93 in chips) 
Seat 5: Jorgebcn76 (€12.67 in chips) 
Seat 6: idealistslp (€4.45 in chips) 
KerenR: posts small blind €0.02
xXAAmONXx: posts big blind €0.05
*** HOLE CARDS ***
Dealt to idealistslp [Kd 8h]
anar1312: folds 
Jorgebcn76: folds 
idealistslp: folds 
terrydandres: raises €0.05 to €0.10
KerenR: folds 
xXAAmONXx: calls €0.05
*** FLOP *** [Ks As Qs]
xXAAmONXx: checks 
terrydandres: checks 
*** TURN *** [Ks As Qs] [Kc]
xXAAmONXx: checks 
terrydandres: bets €0.11
xXAAmONXx: folds 
Uncalled bet (€0.11) returned to terrydandres
terrydandres collected €0.21 from pot
terrydandres: doesn't show hand 
*** SUMMARY ***
Total pot €0.22 | Rake €0.01 
Board [Ks As Qs Kc]
Seat 1: terrydandres (button) collected (€0.21)
Seat 2: KerenR (small blind) folded before Flop
Seat 3: xXAAmONXx (big blind) folded on the Turn
Seat 4: anar1312 folded before Flop (didn't bet)
Seat 5: Jorgebcn76 folded before Flop (didn't bet)
Seat 6: idealistslp folded before Flop (didn't bet)



PokerStars Zoom Hand #259308666800:  Hold'em No Limit (€0.02/€0.05) - 2026/01/14 16:39:35 CET [2026/01/14 10:39:35 ET]
Table 'Asterope' 6-max Seat #1 is the button
Seat 1: 3Du-nOOb (€5 in chips) 
Seat 2: MakesMeRich (€5.55 in chips) 
Seat 3: idealistslp (€4.45 in chips) 
Seat 4: mentalist1479 (€6.47 in chips) 
Seat 5: jeje49130 (€3 in chips) 
Seat 6: MelucheLeVieux (€7.67 in chips) 
MakesMeRich: posts small blind €0.02
idealistslp: posts big blind €0.05
*** HOLE CARDS ***
Dealt to idealistslp [5c 9s]
mentalist1479: folds 
jeje49130: folds 
MelucheLeVieux: folds 
3Du-nOOb: folds 
MakesMeRich: folds 
Uncalled bet (€0.03) returned to idealistslp
idealistslp collected €0.04 from pot
idealistslp: doesn't show hand 
*** SUMMARY ***
Total pot €0.04 | Rake €0 
Seat 1: 3Du-nOOb (button) folded before Flop (didn't bet)
Seat 2: MakesMeRich (small blind) folded before Flop
Seat 3: idealistslp (big blind) collected (€0.04)
Seat 4: mentalist1479 folded before Flop (didn't bet)
Seat 5: jeje49130 folded before Flop (didn't bet)
Seat 6: MelucheLeVieux folded before Flop (didn't bet)



PokerStars Zoom Hand #259308665956:  Hold'em No Limit (€0.02/€0.05) - 2026/01/14 16:39:30 CET [2026/01/14 10:39:30 ET]
Table 'Asterope' 6-max Seat #1 is the button
Seat 1: idealistslp (€4.45 in chips) 
Seat 2: Jorgebcn76 (€5 in chips) 
Seat 3: RemRois51 (€4.98 in chips) 
Seat 4: sim19ks (€5.24 in chips) 
Seat 5: Beni97844 (€5.09 in chips) 
Seat 6: mentalist1479 (€6.47 in chips) 
Jorgebcn76: posts small blind €0.02
RemRois51: posts big blind €0.05
*** HOLE CARDS ***
Dealt to idealistslp [8h Jc]
sim19ks: folds 
Beni97844: folds 
mentalist1479: folds 
idealistslp: folds 
Jorgebcn76: raises €0.11 to €0.16
RemRois51: folds 
Uncalled bet (€0.11) returned to Jorgebcn76
Jorgebcn76 collected €0.10 from pot
Jorgebcn76: doesn't show hand 
*** SUMMARY ***
Total pot €0.10 | Rake €0 
Seat 1: idealistslp (button) folded before Flop (didn't bet)
Seat 2: Jorgebcn76 (small blind) collected (€0.10)
Seat 3: RemRois51 (big blind) folded before Flop
Seat 4: sim19ks folded before Flop (didn't bet)
Seat 5: Beni97844 folded before Flop (didn't bet)
Seat 6: mentalist1479 folded before Flop (didn't bet)



PokerStars Zoom Hand #259308670396:  Hold'em No Limit (€0.02/€0.05) - 2026/01/14 16:39:56 CET [2026/01/14 10:39:56 ET]
Table 'Asterope' 6-max Seat #1 is the button
Seat 1: NEMOXYX (€5.90 in chips) 
Seat 2: Bamm6 (€4.87 in chips) 
Seat 3: crmLL (€16.58 in chips) 
Seat 4: idealistslp (€5 in chips) 
Seat 5: KerenR (€4.68 in chips) 
Seat 6: MelucheLeVieux (€5 in chips) 
Bamm6: posts small blind €0.02
crmLL: posts big blind €0.05
*** HOLE CARDS ***
Dealt to idealistslp [4h 3h]
idealistslp: folds 
KerenR: folds 
MelucheLeVieux: folds 
NEMOXYX: folds 
Bamm6: folds 
Uncalled bet (€0.03) returned to crmLL
crmLL collected €0.04 from pot
crmLL: doesn't show hand 
*** SUMMARY ***
Total pot €0.04 | Rake €0 
Seat 1: NEMOXYX (button) folded before Flop (didn't bet)
Seat 2: Bamm6 (small blind) folded before Flop
Seat 3: crmLL (big blind) collected (€0.04)
Seat 4: idealistslp folded before Flop (didn't bet)
Seat 5: KerenR folded before Flop (didn't bet)
Seat 6: MelucheLeVieux folded before Flop (didn't bet)



PokerStars Zoom Hand #259308664904:  Hold'em No Limit (€0.02/€0.05) - 2026/01/14 16:39:24 CET [2026/01/14 10:39:24 ET]
Table 'Asterope' 6-max Seat #1 is the button
Seat 1: Rourou1734 (€3.84 in chips) 
Seat 2: elpinkysharky (€1.07 in chips) 
Seat 3: lorocontento (€1.75 in chips) 
Seat 4: sikikis (€4.29 in chips) 
Seat 5: idealistslp (€4.45 in chips) 
Seat 6: washorage52 (€4.09 in chips) 
elpinkysharky: posts small blind €0.02
lorocontento: posts big blind €0.05
*** HOLE CARDS ***
Dealt to idealistslp [5h 7c]
sikikis: folds 
idealistslp: folds 
washorage52: calls €0.05
Rourou1734: raises €0.10 to €0.15
elpinkysharky: calls €0.13
lorocontento: raises €0.45 to €0.60
washorage52: folds 
Rourou1734: folds 
elpinkysharky: raises €0.47 to €1.07 and is all-in
lorocontento: calls €0.47
*** FLOP *** [9s 3d 8h]
*** TURN *** [9s 3d 8h] [2s]
*** RIVER *** [9s 3d 8h 2s] [4h]
*** SHOW DOWN ***
elpinkysharky: shows [Js Jh] (a pair of Jacks)
lorocontento: shows [Qh Ad] (high card Ace)
elpinkysharky collected €2.22 from pot
*** SUMMARY ***
Total pot €2.34 | Rake €0.12 
Board [9s 3d 8h 2s 4h]
Seat 1: Rourou1734 (button) folded before Flop
Seat 2: elpinkysharky (small blind) showed [Js Jh] and won (€2.22) with a pair of Jacks
Seat 3: lorocontento (big blind) showed [Qh Ad] and lost with high card Ace
Seat 4: sikikis folded before Flop (didn't bet)
Seat 5: idealistslp folded before Flop (didn't bet)
Seat 6: washorage52 folded before Flop



PokerStars Zoom Hand #259308674617:  Hold'em No Limit (€0.02/€0.05) - 2026/01/14 16:40:21 CET [2026/01/14 10:40:21 ET]
Table 'Asterope' 6-max Seat #1 is the button
Seat 1: idealistslp (€4.98 in chips) 
Seat 2: RemRois51 (€12.34 in chips) 
Seat 3: Moncerrate42 (€5 in chips) 
Seat 4: anar1312 (€4.88 in chips) 
Seat 5: mentalist1479 (€6.40 in chips) 
Seat 6: P-BRUTUS (€3.12 in chips) 
RemRois51: posts small blind €0.02
Moncerrate42: posts big blind €0.05
*** HOLE CARDS ***
Dealt to idealistslp [4s 9h]
anar1312: folds 
mentalist1479: folds 
P-BRUTUS: folds 
idealistslp: folds 
RemRois51: folds 
Uncalled bet (€0.03) returned to Moncerrate42
Moncerrate42 collected €0.04 from pot
Moncerrate42: doesn't show hand 
*** SUMMARY ***
Total pot €0.04 | Rake €0 
Seat 1: idealistslp (button) folded before Flop (didn't bet)
Seat 2: RemRois51 (small blind) folded before Flop
Seat 3: Moncerrate42 (big blind) collected (€0.04)
Seat 4: anar1312 folded before Flop (didn't bet)
Seat 5: mentalist1479 folded before Flop (didn't bet)
Seat 6: P-BRUTUS folded before Flop (didn't bet)



PokerStars Zoom Hand #259308671198:  Hold'em No Limit (€0.02/€0.05) - 2026/01/14 16:40:01 CET [2026/01/14 10:40:01 ET]
Table 'Asterope' 6-max Seat #1 is the button
Seat 1: terrydandres (€0.54 in chips) 
Seat 2: sikikis (€4.24 in chips) 
Seat 3: Rucostaa (€10.56 in chips) 
Seat 4: idealistslp (€5 in chips) 
Seat 5: RemRois51 (€5 in chips) 
Seat 6: Bamm6 (€4.85 in chips) 
sikikis: posts small blind €0.02
Rucostaa: posts big blind €0.05
*** HOLE CARDS ***
Dealt to idealistslp [2c 9s]
idealistslp: folds 
RemRois51: folds 
Bamm6: raises €0.10 to €0.15
terrydandres: folds 
sikikis: calls €0.13
Rucostaa: folds 
*** FLOP *** [6s 7c 4s]
sikikis: checks 
Bamm6: bets €0.17
sikikis: calls €0.17
*** TURN *** [6s 7c 4s] [2s]
sikikis: checks 
Bamm6: bets €0.33
sikikis: raises €0.33 to €0.66
Bamm6: folds 
Uncalled bet (€0.33) returned to sikikis
sikikis collected €1.28 from pot
sikikis: doesn't show hand 
*** SUMMARY ***
Total pot €1.35 | Rake €0.07 
Board [6s 7c 4s 2s]
Seat 1: terrydandres (button) folded before Flop (didn't bet)
Seat 2: sikikis (small blind) collected (€1.28)
Seat 3: Rucostaa (big blind) folded before Flop
Seat 4: idealistslp folded before Flop (didn't bet)
Seat 5: RemRois51 folded before Flop (didn't bet)
Seat 6: Bamm6 folded on the Turn



PokerStars Zoom Hand #259308672726:  Hold'em No Limit (€0.02/€0.05) - 2026/01/14 16:40:10 CET [2026/01/14 10:40:10 ET]
Table 'Asterope' 6-max Seat #1 is the button
Seat 1: chiinche (€5 in chips) 
Seat 2: idealistslp (€5 in chips) 
Seat 3: anar1312 (€4.93 in chips) 
Seat 4: RemRois51 (€4.98 in chips) 
Seat 5: crmLL (€4.74 in chips) 
Seat 6: bfg0007 (€5.66 in chips) 
idealistslp: posts small blind €0.02
anar1312: posts big blind €0.05
*** HOLE CARDS ***
Dealt to idealistslp [2c 7s]
RemRois51: raises €0.07 to €0.12
crmLL: calls €0.12
bfg0007: calls €0.12
chiinche: folds 
idealistslp: folds 
anar1312: folds 
*** FLOP *** [9s Ts 8h]
RemRois51: bets €0.27
crmLL: calls €0.27
bfg0007: folds 
*** TURN *** [9s Ts 8h] [Qc]
RemRois51: bets €1.10
crmLL: calls €1.10
*** RIVER *** [9s Ts 8h Qc] [Kc]
RemRois51: bets €3.49 and is all-in
crmLL: folds 
Uncalled bet (€3.49) returned to RemRois51
RemRois51 collected €3.01 from pot
RemRois51: doesn't show hand 
*** SUMMARY ***
Total pot €3.17 | Rake €0.16 
Board [9s Ts 8h Qc Kc]
Seat 1: chiinche (button) folded before Flop (didn't bet)
Seat 2: idealistslp (small blind) folded before Flop
Seat 3: anar1312 (big blind) folded before Flop
Seat 4: RemRois51 collected (€3.01)
Seat 5: crmLL folded on the River
Seat 6: bfg0007 folded on the Flop



PokerStars Zoom Hand #259308673471:  Hold'em No Limit (€0.02/€0.05) - 2026/01/14 16:40:14 CET [2026/01/14 10:40:14 ET]
Table 'Asterope' 6-max Seat #1 is the button
Seat 1: MakesMeRich (€5.13 in chips) 
Seat 2: lorocontento (€2 in chips) 
Seat 3: eric 29880 (€5 in chips) 
Seat 4: PokerIzGood (€8.27 in chips) 
Seat 5: Mr.Skills29 (€5.26 in chips) 
Seat 6: idealistslp (€4.98 in chips) 
lorocontento: posts small blind €0.02
eric 29880: posts big blind €0.05
*** HOLE CARDS ***
Dealt to idealistslp [7d Jh]
PokerIzGood: folds 
Mr.Skills29: folds 
idealistslp: folds 
MakesMeRich: raises €0.06 to €0.11
lorocontento: folds 
eric 29880: calls €0.06
*** FLOP *** [Ks Ad 2h]
eric 29880: checks 
MakesMeRich: bets €0.08
eric 29880: folds 
Uncalled bet (€0.08) returned to MakesMeRich
MakesMeRich collected €0.23 from pot
MakesMeRich: doesn't show hand 
*** SUMMARY ***
Total pot €0.24 | Rake €0.01 
Board [Ks Ad 2h]
Seat 1: MakesMeRich (button) collected (€0.23)
Seat 2: lorocontento (small blind) folded before Flop
Seat 3: eric 29880 (big blind) folded on the Flop
Seat 4: PokerIzGood folded before Flop (didn't bet)
Seat 5: Mr.Skills29 folded before Flop (didn't bet)
Seat 6: idealistslp folded before Flop (didn't bet)



PokerStars Zoom Hand #259308671768:  Hold'em No Limit (€0.02/€0.05) - 2026/01/14 16:40:04 CET [2026/01/14 10:40:04 ET]
Table 'Asterope' 6-max Seat #1 is the button
Seat 1: titus&mus (€4.77 in chips) 
Seat 2: mentalist1479 (€6.42 in chips) 
Seat 3: Hisense99 (€3.13 in chips) 
Seat 4: MakesMeRich (€5.15 in chips) 
Seat 5: idealistslp (€5 in chips) 
Seat 6: PokerIzGood (€19.46 in chips) 
mentalist1479: posts small blind €0.02
Hisense99: posts big blind €0.05
*** HOLE CARDS ***
Dealt to idealistslp [8s Kd]
MakesMeRich: folds 
idealistslp: folds 
PokerIzGood: folds 
titus&mus: calls €0.05
mentalist1479: folds 
Hisense99: checks 
*** FLOP *** [5s Ks Js]
Hisense99: checks 
titus&mus: checks 
*** TURN *** [5s Ks Js] [6s]
Hisense99: checks 
titus&mus: checks 
*** RIVER *** [5s Ks Js 6s] [Jh]
Hisense99: checks 
titus&mus: checks 
*** SHOW DOWN ***
Hisense99: shows [8c 3s] (a flush, King high)
titus&mus: mucks hand 
Hisense99 collected €0.11 from pot
*** SUMMARY ***
Total pot €0.12 | Rake €0.01 
Board [5s Ks Js 6s Jh]
Seat 1: titus&mus (button) mucked [Ad Jc]
Seat 2: mentalist1479 (small blind) folded before Flop
Seat 3: Hisense99 (big blind) showed [8c 3s] and won (€0.11) with a flush, King high
Seat 4: MakesMeRich folded before Flop (didn't bet)
Seat 5: idealistslp folded before Flop (didn't bet)
Seat 6: PokerIzGood folded before Flop (didn't bet)



PokerStars Zoom Hand #259308675449:  Hold'em No Limit (€0.02/€0.05) - 2026/01/14 16:40:26 CET [2026/01/14 10:40:26 ET]
Table 'Asterope' 6-max Seat #1 is the button
Seat 1: KerenR (€20.72 in chips) 
Seat 2: idealistslp (€4.98 in chips) 
Seat 3: jeffbref (€3.91 in chips) 
Seat 4: sim19ks (€7.35 in chips) 
Seat 5: pingu_771 (€8.06 in chips) 
Seat 6: feerry61 (€5.30 in chips) 
idealistslp: posts small blind €0.02
jeffbref: posts big blind €0.05
*** HOLE CARDS ***
Dealt to idealistslp [Th 8c]
sim19ks: raises €0.10 to €0.15
pingu_771: folds 
feerry61: folds 
KerenR: folds 
idealistslp: folds 
jeffbref: folds 
Uncalled bet (€0.10) returned to sim19ks
sim19ks collected €0.12 from pot
sim19ks: doesn't show hand 
*** SUMMARY ***
Total pot €0.12 | Rake €0 
Seat 1: KerenR (button) folded before Flop (didn't bet)
Seat 2: idealistslp (small blind) folded before Flop
Seat 3: jeffbref (big blind) folded before Flop
Seat 4: sim19ks collected (€0.12)
Seat 5: pingu_771 folded before Flop (didn't bet)
Seat 6: feerry61 folded before Flop (didn't bet)



PokerStars Zoom Hand #259308674020:  Hold'em No Limit (€0.02/€0.05) - 2026/01/14 16:40:18 CET [2026/01/14 10:40:18 ET]
Table 'Asterope' 6-max Seat #1 is the button
Seat 1: juantiogot (€6.42 in chips) 
Seat 2: MENDACANELO (€2.88 in chips) 
Seat 3: Beni97844 (€4.52 in chips) 
Seat 4: idealistslp (€4.98 in chips) 
Seat 5: ATOJ5 (€4.13 in chips) 
Seat 6: washorage52 (€4.12 in chips) 
MENDACANELO: posts small blind €0.02
Beni97844: posts big blind €0.05
*** HOLE CARDS ***
Dealt to idealistslp [2h 6h]
idealistslp: folds 
ATOJ5: folds 
washorage52: folds 
juantiogot: folds 
MENDACANELO: raises €0.05 to €0.10
Beni97844: calls €0.05
*** FLOP *** [Qs 4s 7d]
MENDACANELO: checks 
Beni97844: checks 
*** TURN *** [Qs 4s 7d] [7c]
MENDACANELO: bets €0.10
Beni97844: calls €0.10
*** RIVER *** [Qs 4s 7d 7c] [Ac]
MENDACANELO: bets €0.29
Beni97844: calls €0.29
*** SHOW DOWN ***
MENDACANELO: shows [Jh Ks] (a pair of Sevens)
Beni97844: shows [As 8d] (two pair, Aces and Sevens)
Beni97844 collected €0.93 from pot
*** SUMMARY ***
Total pot €0.98 | Rake €0.05 
Board [Qs 4s 7d 7c Ac]
Seat 1: juantiogot (button) folded before Flop (didn't bet)
Seat 2: MENDACANELO (small blind) showed [Jh Ks] and lost with a pair of Sevens
Seat 3: Beni97844 (big blind) showed [As 8d] and won (€0.93) with two pair, Aces and Sevens
Seat 4: idealistslp folded before Flop (didn't bet)
Seat 5: ATOJ5 folded before Flop (didn't bet)
Seat 6: washorage52 folded before Flop (didn't bet)



PokerStars Zoom Hand #259308679380:  Hold'em No Limit (€0.02/€0.05) - 2026/01/14 16:40:49 CET [2026/01/14 10:40:49 ET]
Table 'Asterope' 6-max Seat #1 is the button
Seat 1: KerenR (€13.13 in chips) 
Seat 2: al3xitto25 (€5 in chips) 
Seat 3: olijmandrea (€8.57 in chips) 
Seat 4: idealistslp (€4.96 in chips) 
Seat 5: ArchiBolding (€6.01 in chips) 
Seat 6: washorage52 (€4.03 in chips) 
al3xitto25: posts small blind €0.02
olijmandrea: posts big blind €0.05
*** HOLE CARDS ***
Dealt to idealistslp [Tc 6s]
idealistslp: folds 
ArchiBolding: folds 
washorage52: calls €0.05
KerenR: raises €0.17 to €0.22
al3xitto25: folds 
olijmandrea: folds 
washorage52: folds 
Uncalled bet (€0.17) returned to KerenR
KerenR collected €0.17 from pot
KerenR: doesn't show hand 
*** SUMMARY ***
Total pot €0.17 | Rake €0 
Seat 1: KerenR (button) collected (€0.17)
Seat 2: al3xitto25 (small blind) folded before Flop
Seat 3: olijmandrea (big blind) folded before Flop
Seat 4: idealistslp folded before Flop (didn't bet)
Seat 5: ArchiBolding folded before Flop (didn't bet)
Seat 6: washorage52 folded before Flop



PokerStars Zoom Hand #259308680411:  Hold'em No Limit (€0.02/€0.05) - 2026/01/14 16:40:55 CET [2026/01/14 10:40:55 ET]
Table 'Asterope' 6-max Seat #1 is the button
Seat 1: crmLL (€9.18 in chips) 
Seat 2: KerenR (€6.51 in chips) 
Seat 3: dream bifima (€5 in chips) 
Seat 4: Bamm6 (€4.15 in chips) 
Seat 5: MakesMeRich (€5.50 in chips) 
Seat 6: idealistslp (€4.96 in chips) 
KerenR: posts small blind €0.02
dream bifima: posts big blind €0.05
*** HOLE CARDS ***
Dealt to idealistslp [6c Jh]
Bamm6: folds 
MakesMeRich: raises €0.05 to €0.10
idealistslp: folds 
crmLL: calls €0.10
KerenR: folds 
dream bifima: folds 
*** FLOP *** [8s 5d 7d]
MakesMeRich: checks 
crmLL: checks 
*** TURN *** [8s 5d 7d] [8d]
MakesMeRich: checks 
crmLL: checks 
*** RIVER *** [8s 5d 7d 8d] [As]
MakesMeRich: bets €0.05
crmLL: folds 
Uncalled bet (€0.05) returned to MakesMeRich
MakesMeRich collected €0.26 from pot
MakesMeRich: doesn't show hand 
*** SUMMARY ***
Total pot €0.27 | Rake €0.01 
Board [8s 5d 7d 8d As]
Seat 1: crmLL (button) folded on the River
Seat 2: KerenR (small blind) folded before Flop
Seat 3: dream bifima (big blind) folded before Flop
Seat 4: Bamm6 folded before Flop (didn't bet)
Seat 5: MakesMeRich collected (€0.26)
Seat 6: idealistslp folded before Flop (didn't bet)



PokerStars Zoom Hand #259308681014:  Hold'em No Limit (€0.02/€0.05) - 2026/01/14 16:40:58 CET [2026/01/14 10:40:58 ET]
Table 'Asterope' 6-max Seat #1 is the button
Seat 1: MENDACANELO (€2.39 in chips) 
Seat 2: ATOJ5 (€2.49 in chips) 
Seat 3: idealistslp (€4.96 in chips) 
Seat 4: bfg0007 (€5 in chips) 
Seat 5: ra14sg (€0.58 in chips) 
Seat 6: teskyto (€1.93 in chips) 
ATOJ5: posts small blind €0.02
idealistslp: posts big blind €0.05
*** HOLE CARDS ***
Dealt to idealistslp [8c Kc]
bfg0007: folds 
ra14sg: folds 
teskyto: raises €0.05 to €0.10
MENDACANELO: folds 
ATOJ5: folds 
idealistslp: calls €0.05
*** FLOP *** [As Ad Tc]
idealistslp: bets €0.21
teskyto: calls €0.21
*** TURN *** [As Ad Tc] [8d]
idealistslp: checks 
teskyto: bets €0.31
idealistslp: calls €0.31
*** RIVER *** [As Ad Tc 8d] [6c]
idealistslp: checks 
teskyto: bets €1.20
idealistslp: folds 
Uncalled bet (€1.20) returned to teskyto
teskyto collected €1.20 from pot
teskyto: doesn't show hand 
*** SUMMARY ***
Total pot €1.26 | Rake €0.06 
Board [As Ad Tc 8d 6c]
Seat 1: MENDACANELO (button) folded before Flop (didn't bet)
Seat 2: ATOJ5 (small blind) folded before Flop
Seat 3: idealistslp (big blind) folded on the River
Seat 4: bfg0007 folded before Flop (didn't bet)
Seat 5: ra14sg folded before Flop (didn't bet)
Seat 6: teskyto collected (€1.20)



PokerStars Zoom Hand #259308699818:  Hold'em No Limit (€0.02/€0.05) - 2026/01/14 16:42:48 CET [2026/01/14 10:42:48 ET]
Table 'Asterope' 6-max Seat #1 is the button
Seat 1: idealistslp (€4.34 in chips) 
Seat 2: mentalist1479 (€6.28 in chips) 
Seat 3: xXAAmONXx (€6.58 in chips) 
Seat 4: elpinkysharky (€2.37 in chips) 
Seat 5: ATOJ5 (€4.09 in chips) 
Seat 6: MakesMeRich (€5.91 in chips) 
mentalist1479: posts small blind €0.02
xXAAmONXx: posts big blind €0.05
*** HOLE CARDS ***
Dealt to idealistslp [Kc 9d]
elpinkysharky: raises €0.05 to €0.10
ATOJ5: folds 
MakesMeRich: folds 
idealistslp: folds 
mentalist1479: folds 
xXAAmONXx: folds 
Uncalled bet (€0.05) returned to elpinkysharky
elpinkysharky collected €0.12 from pot
elpinkysharky: doesn't show hand 
*** SUMMARY ***
Total pot €0.12 | Rake €0 
Seat 1: idealistslp (button) folded before Flop (didn't bet)
Seat 2: mentalist1479 (small blind) folded before Flop
Seat 3: xXAAmONXx (big blind) folded before Flop
Seat 4: elpinkysharky collected (€0.12)
Seat 5: ATOJ5 folded before Flop (didn't bet)
Seat 6: MakesMeRich folded before Flop (didn't bet)



PokerStars Zoom Hand #259308698994:  Hold'em No Limit (€0.02/€0.05) - 2026/01/14 16:42:43 CET [2026/01/14 10:42:43 ET]
Table 'Asterope' 6-max Seat #1 is the button
Seat 1: ATOJ5 (€2.95 in chips) 
Seat 2: MakesMeRich (€5.10 in chips) 
Seat 3: quines53 (€2.33 in chips) 
Seat 4: ICrakYrHoles (€5.07 in chips) 
Seat 5: idealistslp (€4.34 in chips) 
Seat 6: xXAAmONXx (€6.58 in chips) 
MakesMeRich: posts small blind €0.02
quines53: posts big blind €0.05
*** HOLE CARDS ***
Dealt to idealistslp [4h Tc]
ICrakYrHoles: folds 
idealistslp: folds 
xXAAmONXx: folds 
ATOJ5: raises €0.06 to €0.11
MakesMeRich: folds 
quines53: calls €0.06
*** FLOP *** [6h Qc Ks]
quines53: checks 
ATOJ5: checks 
*** TURN *** [6h Qc Ks] [As]
quines53: checks 
ATOJ5: bets €0.12
quines53: folds 
Uncalled bet (€0.12) returned to ATOJ5
ATOJ5 collected €0.23 from pot
ATOJ5: doesn't show hand 
*** SUMMARY ***
Total pot €0.24 | Rake €0.01 
Board [6h Qc Ks As]
Seat 1: ATOJ5 (button) collected (€0.23)
Seat 2: MakesMeRich (small blind) folded before Flop
Seat 3: quines53 (big blind) folded on the Turn
Seat 4: ICrakYrHoles folded before Flop (didn't bet)
Seat 5: idealistslp folded before Flop (didn't bet)
Seat 6: xXAAmONXx folded before Flop (didn't bet)



PokerStars Zoom Hand #259308701819:  Hold'em No Limit (€0.02/€0.05) - 2026/01/14 16:43:00 CET [2026/01/14 10:43:00 ET]
Table 'Asterope' 6-max Seat #1 is the button
Seat 1: NEMOXYX (€5 in chips) 
Seat 2: ICrakYrHoles (€5.02 in chips) 
Seat 3: ATOJ5 (€4.09 in chips) 
Seat 4: SirButterman (€5 in chips) 
Seat 5: ArchiBolding (€5.67 in chips) 
Seat 6: idealistslp (€4.34 in chips) 
ICrakYrHoles: posts small blind €0.02
ATOJ5: posts big blind €0.05
*** HOLE CARDS ***
Dealt to idealistslp [Ac Kh]
SirButterman: folds 
ArchiBolding: folds 
idealistslp: raises €0.05 to €0.10
NEMOXYX: folds 
ICrakYrHoles: folds 
ATOJ5: folds 
Uncalled bet (€0.05) returned to idealistslp
idealistslp collected €0.12 from pot
idealistslp: doesn't show hand 
*** SUMMARY ***
Total pot €0.12 | Rake €0 
Seat 1: NEMOXYX (button) folded before Flop (didn't bet)
Seat 2: ICrakYrHoles (small blind) folded before Flop
Seat 3: ATOJ5 (big blind) folded before Flop
Seat 4: SirButterman folded before Flop (didn't bet)
Seat 5: ArchiBolding folded before Flop (didn't bet)
Seat 6: idealistslp collected (€0.12)



PokerStars Zoom Hand #259308706849:  Hold'em No Limit (€0.02/€0.05) - 2026/01/14 16:43:29 CET [2026/01/14 10:43:29 ET]
Table 'Asterope' 6-max Seat #1 is the button
Seat 1: ATOJ5 (€4.02 in chips) 
Seat 2: idealistslp (€4.36 in chips) 
Seat 3: mentalist1479 (€6.33 in chips) 
Seat 4: caacmad (€5.34 in chips) 
Seat 5: NEMOXYX (€5 in chips) 
Seat 6: technoboy72 (€5 in chips) 
idealistslp: posts small blind €0.02
mentalist1479: posts big blind €0.05
*** HOLE CARDS ***
Dealt to idealistslp [Qd 6s]
caacmad: folds 
NEMOXYX: folds 
technoboy72: folds 
ATOJ5: raises €0.06 to €0.11
idealistslp: folds 
mentalist1479: folds 
Uncalled bet (€0.06) returned to ATOJ5
ATOJ5 collected €0.12 from pot
ATOJ5: doesn't show hand 
*** SUMMARY ***
Total pot €0.12 | Rake €0 
Seat 1: ATOJ5 (button) collected (€0.12)
Seat 2: idealistslp (small blind) folded before Flop
Seat 3: mentalist1479 (big blind) folded before Flop
Seat 4: caacmad folded before Flop (didn't bet)
Seat 5: NEMOXYX folded before Flop (didn't bet)
Seat 6: technoboy72 folded before Flop (didn't bet)



PokerStars Zoom Hand #259308707551:  Hold'em No Limit (€0.02/€0.05) - 2026/01/14 16:43:33 CET [2026/01/14 10:43:33 ET]
Table 'Asterope' 6-max Seat #1 is the button
Seat 1: Jorgebcn76 (€12.72 in chips) 
Seat 2: quines53 (€2.15 in chips) 
Seat 3: P-BRUTUS (€3.43 in chips) 
Seat 4: NEMOXYX (€5 in chips) 
Seat 5: idealistslp (€4.34 in chips) 
Seat 6: chiinche (€4.98 in chips) 
quines53: posts small blind €0.02
P-BRUTUS: posts big blind €0.05
*** HOLE CARDS ***
Dealt to idealistslp [3h Kh]
NEMOXYX: folds 
idealistslp: folds 
chiinche: folds 
Jorgebcn76: folds 
quines53: raises €0.10 to €0.15
P-BRUTUS: folds 
Uncalled bet (€0.10) returned to quines53
quines53 collected €0.10 from pot
quines53: doesn't show hand 
*** SUMMARY ***
Total pot €0.10 | Rake €0 
Seat 1: Jorgebcn76 (button) folded before Flop (didn't bet)
Seat 2: quines53 (small blind) collected (€0.10)
Seat 3: P-BRUTUS (big blind) folded before Flop
Seat 4: NEMOXYX folded before Flop (didn't bet)
Seat 5: idealistslp folded before Flop (didn't bet)
Seat 6: chiinche folded before Flop (didn't bet)



PokerStars Zoom Hand #259308709627:  Hold'em No Limit (€0.02/€0.05) - 2026/01/14 16:43:45 CET [2026/01/14 10:43:45 ET]
Table 'Asterope' 6-max Seat #1 is the button
Seat 1: Rucostaa (€15.03 in chips) 
Seat 2: KerenR (€5.46 in chips) 
Seat 3: NEMOXYX (€5 in chips) 
Seat 4: idealistslp (€4.34 in chips) 
Seat 5: ICrakYrHoles (€5.24 in chips) 
Seat 6: Rourou1734 (€3.68 in chips) 
KerenR: posts small blind €0.02
NEMOXYX: posts big blind €0.05
*** HOLE CARDS ***
Dealt to idealistslp [Ac Ad]
idealistslp: raises €0.05 to €0.10
ICrakYrHoles: folds 
Rourou1734: folds 
Rucostaa: folds 
KerenR: folds 
NEMOXYX: folds 
Uncalled bet (€0.05) returned to idealistslp
idealistslp collected €0.12 from pot
idealistslp: doesn't show hand 
*** SUMMARY ***
Total pot €0.12 | Rake €0 
Seat 1: Rucostaa (button) folded before Flop (didn't bet)
Seat 2: KerenR (small blind) folded before Flop
Seat 3: NEMOXYX (big blind) folded before Flop
Seat 4: idealistslp collected (€0.12)
Seat 5: ICrakYrHoles folded before Flop (didn't bet)
Seat 6: Rourou1734 folded before Flop (didn't bet)



PokerStars Zoom Hand #259308708970:  Hold'em No Limit (€0.02/€0.05) - 2026/01/14 16:43:42 CET [2026/01/14 10:43:42 ET]
Table 'Asterope' 6-max Seat #1 is the button
Seat 1: idealistslp (€4.34 in chips) 
Seat 2: Jorgebcn76 (€6.36 in chips) 
Seat 3: anar1312 (€5 in chips) 
Seat 4: Moncerrate42 (€6.20 in chips) 
Seat 5: chiinche (€4.98 in chips) 
Seat 6: Rucostaa (€15.03 in chips) 
Jorgebcn76: posts small blind €0.02
anar1312: posts big blind €0.05
*** HOLE CARDS ***
Dealt to idealistslp [Js 3s]
Moncerrate42: raises €0.05 to €0.10
chiinche: folds 
Rucostaa: folds 
idealistslp: folds 
Jorgebcn76: folds 
anar1312: calls €0.05
*** FLOP *** [Kd Ac Td]
anar1312: checks 
Moncerrate42: bets €0.11
anar1312: folds 
Uncalled bet (€0.11) returned to Moncerrate42
Moncerrate42 collected €0.21 from pot
Moncerrate42: doesn't show hand 
*** SUMMARY ***
Total pot €0.22 | Rake €0.01 
Board [Kd Ac Td]
Seat 1: idealistslp (button) folded before Flop (didn't bet)
Seat 2: Jorgebcn76 (small blind) folded before Flop
Seat 3: anar1312 (big blind) folded on the Flop
Seat 4: Moncerrate42 collected (€0.21)
Seat 5: chiinche folded before Flop (didn't bet)
Seat 6: Rucostaa folded before Flop (didn't bet)



PokerStars Zoom Hand #259308704602:  Hold'em No Limit (€0.02/€0.05) - 2026/01/14 16:43:17 CET [2026/01/14 10:43:17 ET]
Table 'Asterope' 6-max Seat #1 is the button
Seat 1: MelucheLeVieux (€5 in chips) 
Seat 2: Rucostaa (€16.64 in chips) 
Seat 3: idealistslp (€4.41 in chips) 
Seat 4: pingu_771 (€7.29 in chips) 
Seat 5: eric 29880 (€4.42 in chips) 
Seat 6: sim19ks (€9.02 in chips) 
Rucostaa: posts small blind €0.02
idealistslp: posts big blind €0.05
*** HOLE CARDS ***
Dealt to idealistslp [7s 9s]
pingu_771: folds 
eric 29880: folds 
sim19ks: raises €0.10 to €0.15
MelucheLeVieux: calls €0.15
Rucostaa: calls €0.13
idealistslp: folds 
*** FLOP *** [Th Qs Tc]
Rucostaa: checks 
sim19ks: bets €0.15
MelucheLeVieux: calls €0.15
Rucostaa: folds 
*** TURN *** [Th Qs Tc] [Ac]
sim19ks: bets €0.24
MelucheLeVieux: calls €0.24
*** RIVER *** [Th Qs Tc Ac] [8s]
sim19ks: checks 
MelucheLeVieux: checks 
*** SHOW DOWN ***
sim19ks: shows [Ad 7c] (two pair, Aces and Tens)
MelucheLeVieux: shows [Ah Jd] (two pair, Aces and Tens)
sim19ks collected €0.61 from pot
MelucheLeVieux collected €0.61 from pot
*** SUMMARY ***
Total pot €1.28 | Rake €0.06 
Board [Th Qs Tc Ac 8s]
Seat 1: MelucheLeVieux (button) showed [Ah Jd] and won (€0.61) with two pair, Aces and Tens
Seat 2: Rucostaa (small blind) folded on the Flop
Seat 3: idealistslp (big blind) folded before Flop
Seat 4: pingu_771 folded before Flop (didn't bet)
Seat 5: eric 29880 folded before Flop (didn't bet)
Seat 6: sim19ks showed [Ad 7c] and won (€0.61) with two pair, Aces and Tens



PokerStars Zoom Hand #259308711982:  Hold'em No Limit (€0.02/€0.05) - 2026/01/14 16:44:00 CET [2026/01/14 10:44:00 ET]
Table 'Asterope' 6-max Seat #1 is the button
Seat 1: elpinkysharky (€2.32 in chips) 
Seat 2: technoboy72 (€5 in chips) 
Seat 3: Jorgebcn76 (€6.28 in chips) 
Seat 4: ICrakYrHoles (€5 in chips) 
Seat 5: MakesMeRich (€5.74 in chips) 
Seat 6: idealistslp (€4.41 in chips) 
technoboy72: posts small blind €0.02
Jorgebcn76: posts big blind €0.05
*** HOLE CARDS ***
Dealt to idealistslp [Ah 2h]
ICrakYrHoles: folds 
MakesMeRich: folds 
idealistslp: raises €0.05 to €0.10
elpinkysharky: folds 
technoboy72: folds 
Jorgebcn76: calls €0.05
*** FLOP *** [6h Qs 8s]
Jorgebcn76: checks 
idealistslp: bets €0.21
Jorgebcn76: calls €0.21
*** TURN *** [6h Qs 8s] [Ad]
Jorgebcn76: checks 
idealistslp: bets €0.61
Jorgebcn76: folds 
Uncalled bet (€0.61) returned to idealistslp
idealistslp collected €0.61 from pot
idealistslp: doesn't show hand 
*** SUMMARY ***
Total pot €0.64 | Rake €0.03 
Board [6h Qs 8s Ad]
Seat 1: elpinkysharky (button) folded before Flop (didn't bet)
Seat 2: technoboy72 (small blind) folded before Flop
Seat 3: Jorgebcn76 (big blind) folded on the Turn
Seat 4: ICrakYrHoles folded before Flop (didn't bet)
Seat 5: MakesMeRich folded before Flop (didn't bet)
Seat 6: idealistslp collected (€0.61)



PokerStars Zoom Hand #259308722425:  Hold'em No Limit (€0.02/€0.05) - 2026/01/14 16:45:01 CET [2026/01/14 10:45:01 ET]
Table 'Asterope' 6-max Seat #1 is the button
Seat 1: washorage52 (€3.62 in chips) 
Seat 2: MakesMeRich (€5.47 in chips) 
Seat 3: idealistslp (€4.71 in chips) 
Seat 4: Crossnar (€5 in chips) 
Seat 5: sycolll (€4.93 in chips) 
Seat 6: jeje49130 (€0.36 in chips) 
MakesMeRich: posts small blind €0.02
idealistslp: posts big blind €0.05
*** HOLE CARDS ***
Dealt to idealistslp [8s Qd]
Crossnar: raises €0.10 to €0.15
sycolll: folds 
jeje49130: folds 
washorage52: folds 
MakesMeRich: folds 
idealistslp: folds 
Uncalled bet (€0.10) returned to Crossnar
Crossnar collected €0.12 from pot
Crossnar: doesn't show hand 
*** SUMMARY ***
Total pot €0.12 | Rake €0 
Seat 1: washorage52 (button) folded before Flop (didn't bet)
Seat 2: MakesMeRich (small blind) folded before Flop
Seat 3: idealistslp (big blind) folded before Flop
Seat 4: Crossnar collected (€0.12)
Seat 5: sycolll folded before Flop (didn't bet)
Seat 6: jeje49130 folded before Flop (didn't bet)



PokerStars Zoom Hand #259308723839:  Hold'em No Limit (€0.02/€0.05) - 2026/01/14 16:45:09 CET [2026/01/14 10:45:09 ET]
Table 'Asterope' 6-max Seat #1 is the button
Seat 1: ATOJ5 (€2.88 in chips) 
Seat 2: idealistslp (€4.66 in chips) 
Seat 3: sycolll (€4.93 in chips) 
Seat 4: caacmad (€5.52 in chips) 
Seat 5: crmLL (€2.96 in chips) 
Seat 6: olijmandrea (€8.82 in chips) 
idealistslp: posts small blind €0.02
sycolll: posts big blind €0.05
*** HOLE CARDS ***
Dealt to idealistslp [9d Kc]
caacmad: calls €0.05
crmLL: folds 
olijmandrea: folds 
ATOJ5: folds 
idealistslp: folds 
sycolll: checks 
*** FLOP *** [3h 7c Ad]
sycolll: checks 
caacmad: bets €0.06
sycolll: folds 
Uncalled bet (€0.06) returned to caacmad
caacmad collected €0.11 from pot
caacmad: doesn't show hand 
*** SUMMARY ***
Total pot €0.12 | Rake €0.01 
Board [3h 7c Ad]
Seat 1: ATOJ5 (button) folded before Flop (didn't bet)
Seat 2: idealistslp (small blind) folded before Flop
Seat 3: sycolll (big blind) folded on the Flop
Seat 4: caacmad collected (€0.11)
Seat 5: crmLL folded before Flop (didn't bet)
Seat 6: olijmandrea folded before Flop (didn't bet)



PokerStars Zoom Hand #259308724517:  Hold'em No Limit (€0.02/€0.05) - 2026/01/14 16:45:13 CET [2026/01/14 10:45:13 ET]
Table 'Asterope' 6-max Seat #1 is the button
Seat 1: xXAAmONXx (€6.25 in chips) 
Seat 2: ATOJ5 (€2.88 in chips) 
Seat 3: olijmandrea (€8.82 in chips) 
Seat 4: idealistslp (€4.64 in chips) 
Seat 5: ICrakYrHoles (€5.17 in chips) 
Seat 6: crmLL (€2.96 in chips) 
ATOJ5: posts small blind €0.02
olijmandrea: posts big blind €0.05
*** HOLE CARDS ***
Dealt to idealistslp [Js Ah]
idealistslp: raises €0.05 to €0.10
ICrakYrHoles: folds 
crmLL: folds 
xXAAmONXx: folds 
ATOJ5: folds 
olijmandrea: folds 
Uncalled bet (€0.05) returned to idealistslp
idealistslp collected €0.12 from pot
idealistslp: doesn't show hand 
*** SUMMARY ***
Total pot €0.12 | Rake €0 
Seat 1: xXAAmONXx (button) folded before Flop (didn't bet)
Seat 2: ATOJ5 (small blind) folded before Flop
Seat 3: olijmandrea (big blind) folded before Flop
Seat 4: idealistslp collected (€0.12)
Seat 5: ICrakYrHoles folded before Flop (didn't bet)
Seat 6: crmLL folded before Flop (didn't bet)



PokerStars Zoom Hand #259308727465:  Hold'em No Limit (€0.02/€0.05) - 2026/01/14 16:45:30 CET [2026/01/14 10:45:30 ET]
Table 'Asterope' 6-max Seat #1 is the button
Seat 1: idealistslp (€4.71 in chips) 
Seat 2: technoboy72 (€6.37 in chips) 
Seat 3: MelucheLeVieux (€6.95 in chips) 
Seat 4: ICrakYrHoles (€5.15 in chips) 
Seat 5: washorage52 (€3.47 in chips) 
Seat 6: rubiacubana (€5.35 in chips) 
technoboy72: posts small blind €0.02
MelucheLeVieux: posts big blind €0.05
*** HOLE CARDS ***
Dealt to idealistslp [9c 4h]
ICrakYrHoles: folds 
washorage52: folds 
rubiacubana: raises €0.05 to €0.10
idealistslp: folds 
technoboy72: raises €0.45 to €0.55
MelucheLeVieux: folds 
rubiacubana: folds 
Uncalled bet (€0.45) returned to technoboy72
technoboy72 collected €0.25 from pot
technoboy72: doesn't show hand 
*** SUMMARY ***
Total pot €0.25 | Rake €0 
Seat 1: idealistslp (button) folded before Flop (didn't bet)
Seat 2: technoboy72 (small blind) collected (€0.25)
Seat 3: MelucheLeVieux (big blind) folded before Flop
Seat 4: ICrakYrHoles folded before Flop (didn't bet)
Seat 5: washorage52 folded before Flop (didn't bet)
Seat 6: rubiacubana folded before Flop



PokerStars Zoom Hand #259308731789:  Hold'em No Limit (€0.02/€0.05) - 2026/01/14 16:45:56 CET [2026/01/14 10:45:56 ET]
Table 'Asterope' 6-max Seat #1 is the button
Seat 1: Josskijano (€6.29 in chips) 
Seat 2: idealistslp (€4.71 in chips) 
Seat 3: Penumbrita (€5.14 in chips) 
Seat 4: ICrakYrHoles (€5.12 in chips) 
Seat 5: VirginLola (€5 in chips) 
Seat 6: ATOJ5 (€3.82 in chips) 
idealistslp: posts small blind €0.02
Penumbrita: posts big blind €0.05
*** HOLE CARDS ***
Dealt to idealistslp [6s Qh]
ICrakYrHoles: folds 
VirginLola: raises €0.10 to €0.15
ATOJ5: folds 
Josskijano: folds 
idealistslp: folds 
Penumbrita: folds 
Uncalled bet (€0.10) returned to VirginLola
VirginLola collected €0.12 from pot
VirginLola: doesn't show hand 
*** SUMMARY ***
Total pot €0.12 | Rake €0 
Seat 1: Josskijano (button) folded before Flop (didn't bet)
Seat 2: idealistslp (small blind) folded before Flop
Seat 3: Penumbrita (big blind) folded before Flop
Seat 4: ICrakYrHoles folded before Flop (didn't bet)
Seat 5: VirginLola collected (€0.12)
Seat 6: ATOJ5 folded before Flop (didn't bet)



PokerStars Zoom Hand #259308729663:  Hold'em No Limit (€0.02/€0.05) - 2026/01/14 16:45:43 CET [2026/01/14 10:45:43 ET]
Table 'Asterope' 6-max Seat #1 is the button
Seat 1: Rucostaa (€15.05 in chips) 
Seat 2: ICrakYrHoles (€5.11 in chips) 
Seat 3: ArchiBolding (€6.45 in chips) 
Seat 4: mentalist1479 (€6.42 in chips) 
Seat 5: idealistslp (€4.71 in chips) 
Seat 6: crmLL (€9.30 in chips) 
ICrakYrHoles: posts small blind €0.02
ArchiBolding: posts big blind €0.05
*** HOLE CARDS ***
Dealt to idealistslp [Td 5c]
mentalist1479: raises €0.10 to €0.15
idealistslp: folds 
crmLL: folds 
Rucostaa: folds 
ICrakYrHoles: folds 
ArchiBolding: folds 
Uncalled bet (€0.10) returned to mentalist1479
mentalist1479 collected €0.12 from pot
mentalist1479: doesn't show hand 
*** SUMMARY ***
Total pot €0.12 | Rake €0 
Seat 1: Rucostaa (button) folded before Flop (didn't bet)
Seat 2: ICrakYrHoles (small blind) folded before Flop
Seat 3: ArchiBolding (big blind) folded before Flop
Seat 4: mentalist1479 collected (€0.12)
Seat 5: idealistslp folded before Flop (didn't bet)
Seat 6: crmLL folded before Flop (didn't bet)



PokerStars Zoom Hand #259308735291:  Hold'em No Limit (€0.02/€0.05) - 2026/01/14 16:46:17 CET [2026/01/14 10:46:17 ET]
Table 'Asterope' 6-max Seat #1 is the button
Seat 1: NEMOXYX (€5 in chips) 
Seat 2: washorage52 (€3.07 in chips) 
Seat 3: quines53 (€2.36 in chips) 
Seat 4: ATOJ5 (€3.01 in chips) 
Seat 5: idealistslp (€4.64 in chips) 
Seat 6: pimpflo4545 (€3.95 in chips) 
washorage52: posts small blind €0.02
quines53: posts big blind €0.05
*** HOLE CARDS ***
Dealt to idealistslp [Qc 8s]
ATOJ5: folds 
idealistslp: folds 
pimpflo4545: folds 
NEMOXYX: raises €0.07 to €0.12
washorage52: folds 
quines53: folds 
Uncalled bet (€0.07) returned to NEMOXYX
NEMOXYX collected €0.12 from pot
NEMOXYX: doesn't show hand 
*** SUMMARY ***
Total pot €0.12 | Rake €0 
Seat 1: NEMOXYX (button) collected (€0.12)
Seat 2: washorage52 (small blind) folded before Flop
Seat 3: quines53 (big blind) folded before Flop
Seat 4: ATOJ5 folded before Flop (didn't bet)
Seat 5: idealistslp folded before Flop (didn't bet)
Seat 6: pimpflo4545 folded before Flop (didn't bet)



PokerStars Zoom Hand #259308738189:  Hold'em No Limit (€0.02/€0.05) - 2026/01/14 16:46:34 CET [2026/01/14 10:46:34 ET]
Table 'Asterope' 6-max Seat #1 is the button
Seat 1: chiinche (€5 in chips) 
Seat 2: SirButterman (€5.57 in chips) 
Seat 3: MelucheLeVieux (€5.05 in chips) 
Seat 4: idealistslp (€4.98 in chips) 
Seat 5: Jorgebcn76 (€6.60 in chips) 
Seat 6: MENDACANELO (€4.25 in chips) 
SirButterman: posts small blind €0.02
MelucheLeVieux: posts big blind €0.05
*** HOLE CARDS ***
Dealt to idealistslp [Tc 9d]
idealistslp: folds 
Jorgebcn76: folds 
MENDACANELO: folds 
chiinche: folds 
SirButterman: folds 
Uncalled bet (€0.03) returned to MelucheLeVieux
MelucheLeVieux collected €0.04 from pot
MelucheLeVieux: doesn't show hand 
*** SUMMARY ***
Total pot €0.04 | Rake €0 
Seat 1: chiinche (button) folded before Flop (didn't bet)
Seat 2: SirButterman (small blind) folded before Flop
Seat 3: MelucheLeVieux (big blind) collected (€0.04)
Seat 4: idealistslp folded before Flop (didn't bet)
Seat 5: Jorgebcn76 folded before Flop (didn't bet)
Seat 6: MENDACANELO folded before Flop (didn't bet)



PokerStars Zoom Hand #259308736389:  Hold'em No Limit (€0.02/€0.05) - 2026/01/14 16:46:23 CET [2026/01/14 10:46:23 ET]
Table 'Asterope' 6-max Seat #1 is the button
Seat 1: caacmad (€6.32 in chips) 
Seat 2: chiinche (€4.95 in chips) 
Seat 3: Mr.Skills29 (€5.63 in chips) 
Seat 4: idealistslp (€4.64 in chips) 
Seat 5: oufmandu77 (€4.57 in chips) 
Seat 6: olijmandrea (€8.65 in chips) 
chiinche: posts small blind €0.02
Mr.Skills29: posts big blind €0.05
*** HOLE CARDS ***
Dealt to idealistslp [6c 9d]
idealistslp: folds 
oufmandu77: calls €0.05
olijmandrea: folds 
caacmad: folds 
chiinche: folds 
Mr.Skills29: raises €0.15 to €0.20
oufmandu77: calls €0.15
*** FLOP *** [Jh Ah Ad]
Mr.Skills29: checks 
oufmandu77: checks 
*** TURN *** [Jh Ah Ad] [Th]
Mr.Skills29: bets €0.20
oufmandu77: folds 
Uncalled bet (€0.20) returned to Mr.Skills29
Mr.Skills29 collected €0.40 from pot
Mr.Skills29: doesn't show hand 
*** SUMMARY ***
Total pot €0.42 | Rake €0.02 
Board [Jh Ah Ad Th]
Seat 1: caacmad (button) folded before Flop (didn't bet)
Seat 2: chiinche (small blind) folded before Flop
Seat 3: Mr.Skills29 (big blind) collected (€0.40)
Seat 4: idealistslp folded before Flop (didn't bet)
Seat 5: oufmandu77 folded on the Turn
Seat 6: olijmandrea folded before Flop (didn't bet)



PokerStars Zoom Hand #259308737379:  Hold'em No Limit (€0.02/€0.05) - 2026/01/14 16:46:29 CET [2026/01/14 10:46:29 ET]
Table 'Asterope' 6-max Seat #1 is the button
Seat 1: KerenR (€6.34 in chips) 
Seat 2: idealistslp (€5 in chips) 
Seat 3: technoboy72 (€6.50 in chips) 
Seat 4: Penumbrita (€5.07 in chips) 
Seat 5: MelucheLeVieux (€5.05 in chips) 
Seat 6: sycolll (€5.10 in chips) 
idealistslp: posts small blind €0.02
technoboy72: posts big blind €0.05
*** HOLE CARDS ***
Dealt to idealistslp [5d 7s]
Penumbrita: raises €0.05 to €0.10
MelucheLeVieux: folds 
sycolll: folds 
KerenR: folds 
idealistslp: folds 
technoboy72: raises €0.40 to €0.50
Penumbrita: folds 
Uncalled bet (€0.40) returned to technoboy72
technoboy72 collected €0.22 from pot
technoboy72: doesn't show hand 
*** SUMMARY ***
Total pot €0.22 | Rake €0 
Seat 1: KerenR (button) folded before Flop (didn't bet)
Seat 2: idealistslp (small blind) folded before Flop
Seat 3: technoboy72 (big blind) collected (€0.22)
Seat 4: Penumbrita folded before Flop
Seat 5: MelucheLeVieux folded before Flop (didn't bet)
Seat 6: sycolll folded before Flop (didn't bet)



PokerStars Zoom Hand #259308739058:  Hold'em No Limit (€0.02/€0.05) - 2026/01/14 16:46:38 CET [2026/01/14 10:46:38 ET]
Table 'Asterope' 6-max Seat #1 is the button
Seat 1: idealistslp (€4.98 in chips) 
Seat 2: Rucostaa (€17.20 in chips) 
Seat 3: ATOJ5 (€3.82 in chips) 
Seat 4: 3Du-nOOb (€5 in chips) 
Seat 5: ICrakYrHoles (€5.33 in chips) 
Seat 6: carsobar99 (€5.17 in chips) 
Rucostaa: posts small blind €0.02
ATOJ5: posts big blind €0.05
*** HOLE CARDS ***
Dealt to idealistslp [Ks 2h]
3Du-nOOb: folds 
ICrakYrHoles: folds 
carsobar99: folds 
idealistslp: folds 
Rucostaa: raises €0.10 to €0.15
ATOJ5: folds 
Uncalled bet (€0.10) returned to Rucostaa
Rucostaa collected €0.10 from pot
Rucostaa: doesn't show hand 
*** SUMMARY ***
Total pot €0.10 | Rake €0 
Seat 1: idealistslp (button) folded before Flop (didn't bet)
Seat 2: Rucostaa (small blind) collected (€0.10)
Seat 3: ATOJ5 (big blind) folded before Flop
Seat 4: 3Du-nOOb folded before Flop (didn't bet)
Seat 5: ICrakYrHoles folded before Flop (didn't bet)
Seat 6: carsobar99 folded before Flop (didn't bet)



PokerStars Zoom Hand #259308733061:  Hold'em No Limit (€0.02/€0.05) - 2026/01/14 16:46:04 CET [2026/01/14 10:46:04 ET]
Table 'Asterope' 6-max Seat #1 is the button
Seat 1: ICrakYrHoles (€5.13 in chips) 
Seat 2: DrTrinityy (€9.52 in chips) 
Seat 3: idealistslp (€4.69 in chips) 
Seat 4: NEMOXYX (€5 in chips) 
Seat 5: teskyto (€3.04 in chips) 
Seat 6: ATOJ5 (€3.01 in chips) 
DrTrinityy: posts small blind €0.02
idealistslp: posts big blind €0.05
*** HOLE CARDS ***
Dealt to idealistslp [9h As]
NEMOXYX: folds 
teskyto: calls €0.05
ATOJ5: folds 
ICrakYrHoles: folds 
DrTrinityy: raises €0.20 to €0.25
idealistslp: folds 
teskyto: calls €0.20
*** FLOP *** [Th 7c Ad]
DrTrinityy: bets €0.16
teskyto: calls €0.16
*** TURN *** [Th 7c Ad] [4h]
DrTrinityy: checks 
teskyto: checks 
*** RIVER *** [Th 7c Ad 4h] [6c]
DrTrinityy: checks 
teskyto: bets €0.47
DrTrinityy: folds 
Uncalled bet (€0.47) returned to teskyto
teskyto collected €0.83 from pot
teskyto: doesn't show hand 
*** SUMMARY ***
Total pot €0.87 | Rake €0.04 
Board [Th 7c Ad 4h 6c]
Seat 1: ICrakYrHoles (button) folded before Flop (didn't bet)
Seat 2: DrTrinityy (small blind) folded on the River
Seat 3: idealistslp (big blind) folded before Flop
Seat 4: NEMOXYX folded before Flop (didn't bet)
Seat 5: teskyto collected (€0.83)
Seat 6: ATOJ5 folded before Flop (didn't bet)



PokerStars Zoom Hand #259308732539:  Hold'em No Limit (€0.02/€0.05) - 2026/01/14 16:46:00 CET [2026/01/14 10:46:00 ET]
Table 'Asterope' 6-max Seat #1 is the button
Seat 1: carsobar99 (€4.93 in chips) 
Seat 2: Cachola777 (€2.23 in chips) 
Seat 3: MENDACANELO (€5.07 in chips) 
Seat 4: technoboy72 (€5 in chips) 
Seat 5: ICrakYrHoles (€5.12 in chips) 
Seat 6: idealistslp (€4.69 in chips) 
Cachola777: posts small blind €0.02
MENDACANELO: posts big blind €0.05
*** HOLE CARDS ***
Dealt to idealistslp [Kc 8s]
technoboy72: folds 
ICrakYrHoles: folds 
idealistslp: folds 
carsobar99: folds 
Cachola777: calls €0.03
MENDACANELO: checks 
*** FLOP *** [Kh Qd 4h]
Cachola777: checks 
MENDACANELO: checks 
*** TURN *** [Kh Qd 4h] [4s]
Cachola777: checks 
MENDACANELO: checks 
*** RIVER *** [Kh Qd 4h 4s] [8c]
Cachola777: checks 
MENDACANELO: checks 
*** SHOW DOWN ***
Cachola777: shows [9s Tc] (a pair of Fours)
MENDACANELO: mucks hand 
Cachola777 collected €0.10 from pot
*** SUMMARY ***
Total pot €0.10 | Rake €0 
Board [Kh Qd 4h 4s 8c]
Seat 1: carsobar99 (button) folded before Flop (didn't bet)
Seat 2: Cachola777 (small blind) showed [9s Tc] and won (€0.10) with a pair of Fours
Seat 3: MENDACANELO (big blind) mucked [5d 3c]
Seat 4: technoboy72 folded before Flop (didn't bet)
Seat 5: ICrakYrHoles folded before Flop (didn't bet)
Seat 6: idealistslp folded before Flop (didn't bet)



PokerStars Zoom Hand #259308739654:  Hold'em No Limit (€0.02/€0.05) - 2026/01/14 16:46:42 CET [2026/01/14 10:46:42 ET]
Table 'Asterope' 6-max Seat #1 is the button
Seat 1: crmLL (€2.77 in chips) 
Seat 2: MENDACANELO (€4.25 in chips) 
Seat 3: idealistslp (€4.98 in chips) 
Seat 4: SirButterman (€5.55 in chips) 
Seat 5: 3Du-nOOb (€5 in chips) 
Seat 6: Rourou1734 (€3.58 in chips) 
MENDACANELO: posts small blind €0.02
idealistslp: posts big blind €0.05
*** HOLE CARDS ***
Dealt to idealistslp [Ts 3d]
SirButterman: folds 
3Du-nOOb: folds 
Rourou1734: calls €0.05
crmLL: folds 
MENDACANELO: folds 
idealistslp: checks 
*** FLOP *** [Js 7d Kd]
idealistslp: checks 
Rourou1734: checks 
*** TURN *** [Js 7d Kd] [Ah]
idealistslp: checks 
Rourou1734: bets €0.05
idealistslp: calls €0.05
*** RIVER *** [Js 7d Kd Ah] [4d]
idealistslp: checks 
Rourou1734: bets €0.05
idealistslp: calls €0.05
*** SHOW DOWN ***
Rourou1734: shows [7c 7s] (three of a kind, Sevens)
idealistslp: mucks hand 
Rourou1734 collected €0.30 from pot
*** SUMMARY ***
Total pot €0.32 | Rake €0.02 
Board [Js 7d Kd Ah 4d]
Seat 1: crmLL (button) folded before Flop (didn't bet)
Seat 2: MENDACANELO (small blind) folded before Flop
Seat 3: idealistslp (big blind) mucked [Ts 3d]
Seat 4: SirButterman folded before Flop (didn't bet)
Seat 5: 3Du-nOOb folded before Flop (didn't bet)
Seat 6: Rourou1734 showed [7c 7s] and won (€0.30) with three of a kind, Sevens



PokerStars Zoom Hand #259308745675:  Hold'em No Limit (€0.02/€0.05) - 2026/01/14 16:47:18 CET [2026/01/14 10:47:18 ET]
Table 'Asterope' 6-max Seat #1 is the button
Seat 1: Mr.Skills29 (€5.81 in chips) 
Seat 2: ATOJ5 (€2.22 in chips) 
Seat 3: dream bifima (€5 in chips) 
Seat 4: Rucostaa (€14.91 in chips) 
Seat 5: Rourou1734 (€3.73 in chips) 
Seat 6: idealistslp (€4.83 in chips) 
ATOJ5: posts small blind €0.02
dream bifima: posts big blind €0.05
*** HOLE CARDS ***
Dealt to idealistslp [Kc 9h]
Rucostaa: folds 
Rourou1734: calls €0.05
idealistslp: folds 
Mr.Skills29: folds 
ATOJ5: raises €0.10 to €0.15
dream bifima: calls €0.10
Rourou1734: folds 
*** FLOP *** [Qs Qd Kh]
ATOJ5: checks 
dream bifima: checks 
*** TURN *** [Qs Qd Kh] [6d]
ATOJ5: bets €0.17
dream bifima: calls €0.17
*** RIVER *** [Qs Qd Kh 6d] [8h]
ATOJ5: bets €0.33
dream bifima: calls €0.33
*** SHOW DOWN ***
ATOJ5: shows [Qh Ac] (three of a kind, Queens)
dream bifima: mucks hand 
ATOJ5 collected €1.28 from pot
*** SUMMARY ***
Total pot €1.35 | Rake €0.07 
Board [Qs Qd Kh 6d 8h]
Seat 1: Mr.Skills29 (button) folded before Flop (didn't bet)
Seat 2: ATOJ5 (small blind) showed [Qh Ac] and won (€1.28) with three of a kind, Queens
Seat 3: dream bifima (big blind) mucked [7s Ks]
Seat 4: Rucostaa folded before Flop (didn't bet)
Seat 5: Rourou1734 folded before Flop
Seat 6: idealistslp folded before Flop (didn't bet)



PokerStars Zoom Hand #259308746430:  Hold'em No Limit (€0.02/€0.05) - 2026/01/14 16:47:23 CET [2026/01/14 10:47:23 ET]
Table 'Asterope' 6-max Seat #1 is the button
Seat 1: Jorgebcn76 (€6.23 in chips) 
Seat 2: sycolll (€5.24 in chips) 
Seat 3: emiliojjv (€5 in chips) 
Seat 4: MelucheLeVieux (€5.05 in chips) 
Seat 5: idealistslp (€4.83 in chips) 
Seat 6: Mr.Skills29 (€5.81 in chips) 
sycolll: posts small blind €0.02
emiliojjv: posts big blind €0.05
*** HOLE CARDS ***
Dealt to idealistslp [As 5h]
MelucheLeVieux: folds 
idealistslp: folds 
Mr.Skills29: folds 
Jorgebcn76: raises €0.09 to €0.14
sycolll: calls €0.12
emiliojjv: raises €0.47 to €0.61
Jorgebcn76: calls €0.47
sycolll: folds 
*** FLOP *** [Jh 8d 6s]
emiliojjv: bets €0.75
Jorgebcn76: folds 
Uncalled bet (€0.75) returned to emiliojjv
emiliojjv collected €1.29 from pot
emiliojjv: doesn't show hand 
*** SUMMARY ***
Total pot €1.36 | Rake €0.07 
Board [Jh 8d 6s]
Seat 1: Jorgebcn76 (button) folded on the Flop
Seat 2: sycolll (small blind) folded before Flop
Seat 3: emiliojjv (big blind) collected (€1.29)
Seat 4: MelucheLeVieux folded before Flop (didn't bet)
Seat 5: idealistslp folded before Flop (didn't bet)
Seat 6: Mr.Skills29 folded before Flop (didn't bet)



PokerStars Zoom Hand #259308747321:  Hold'em No Limit (€0.02/€0.05) - 2026/01/14 16:47:28 CET [2026/01/14 10:47:28 ET]
Table 'Asterope' 6-max Seat #1 is the button
Seat 1: ATOJ5 (€3.72 in chips) 
Seat 2: troski2010 (€1.90 in chips) 
Seat 3: neirdanaej (€6.88 in chips) 
Seat 4: ICrakYrHoles (€5.48 in chips) 
Seat 5: sikikis (€7.52 in chips) 
Seat 6: idealistslp (€4.83 in chips) 
troski2010: posts small blind €0.02
neirdanaej: posts big blind €0.05
*** HOLE CARDS ***
Dealt to idealistslp [Ah 8h]
ICrakYrHoles: folds 
sikikis: folds 
idealistslp: raises €0.05 to €0.10
ATOJ5: calls €0.10
troski2010: folds 
neirdanaej: calls €0.05
*** FLOP *** [4s 6h 4c]
neirdanaej: checks 
idealistslp: checks 
ATOJ5: bets €0.10
neirdanaej: folds 
idealistslp: calls €0.10
*** TURN *** [4s 6h 4c] [3c]
idealistslp: checks 
ATOJ5: checks 
*** RIVER *** [4s 6h 4c 3c] [7c]
idealistslp: bets €0.05
ATOJ5: calls €0.05
*** SHOW DOWN ***
idealistslp: shows [Ah 8h] (a pair of Fours)
ATOJ5: shows [Ad 6d] (two pair, Sixes and Fours)
ATOJ5 collected €0.59 from pot
*** SUMMARY ***
Total pot €0.62 | Rake €0.03 
Board [4s 6h 4c 3c 7c]
Seat 1: ATOJ5 (button) showed [Ad 6d] and won (€0.59) with two pair, Sixes and Fours
Seat 2: troski2010 (small blind) folded before Flop
Seat 3: neirdanaej (big blind) folded on the Flop
Seat 4: ICrakYrHoles folded before Flop (didn't bet)
Seat 5: sikikis folded before Flop (didn't bet)
Seat 6: idealistslp showed [Ah 8h] and lost with a pair of Fours



PokerStars Zoom Hand #259308758591:  Hold'em No Limit (€0.02/€0.05) - 2026/01/14 16:48:34 CET [2026/01/14 10:48:34 ET]
Table 'Asterope' 6-max Seat #1 is the button
Seat 1: troski2010 (€1.99 in chips) 
Seat 2: MENDACANELO (€4.11 in chips) 
Seat 3: dream bifima (€5 in chips) 
Seat 4: idealistslp (€4.58 in chips) 
Seat 5: DrTrinityy (€9.06 in chips) 
Seat 6: Jorgebcn76 (€5.57 in chips) 
MENDACANELO: posts small blind €0.02
dream bifima: posts big blind €0.05
*** HOLE CARDS ***
Dealt to idealistslp [Ac 8d]
idealistslp: folds 
DrTrinityy: folds 
Jorgebcn76: folds 
troski2010: folds 
MENDACANELO: folds 
Uncalled bet (€0.03) returned to dream bifima
dream bifima collected €0.04 from pot
dream bifima: doesn't show hand 
*** SUMMARY ***
Total pot €0.04 | Rake €0 
Seat 1: troski2010 (button) folded before Flop (didn't bet)
Seat 2: MENDACANELO (small blind) folded before Flop
Seat 3: dream bifima (big blind) collected (€0.04)
Seat 4: idealistslp folded before Flop (didn't bet)
Seat 5: DrTrinityy folded before Flop (didn't bet)
Seat 6: Jorgebcn76 folded before Flop (didn't bet)



PokerStars Zoom Hand #259308757262:  Hold'em No Limit (€0.02/€0.05) - 2026/01/14 16:48:27 CET [2026/01/14 10:48:27 ET]
Table 'Asterope' 6-max Seat #1 is the button
Seat 1: VirginLola (€5.63 in chips) 
Seat 2: crmLL (€2.55 in chips) 
Seat 3: mr.Ferraz92 (€4.86 in chips) 
Seat 4: technoboy72 (€6.55 in chips) 
Seat 5: idealistslp (€4.58 in chips) 
Seat 6: marry24 (€6.75 in chips) 
crmLL: posts small blind €0.02
mr.Ferraz92: posts big blind €0.05
*** HOLE CARDS ***
Dealt to idealistslp [Js 9s]
technoboy72: folds 
idealistslp: folds 
marry24: raises €0.08 to €0.13
VirginLola: folds 
crmLL: folds 
mr.Ferraz92: folds 
Uncalled bet (€0.08) returned to marry24
marry24 collected €0.12 from pot
marry24: doesn't show hand 
*** SUMMARY ***
Total pot €0.12 | Rake €0 
Seat 1: VirginLola (button) folded before Flop (didn't bet)
Seat 2: crmLL (small blind) folded before Flop
Seat 3: mr.Ferraz92 (big blind) folded before Flop
Seat 4: technoboy72 folded before Flop (didn't bet)
Seat 5: idealistslp folded before Flop (didn't bet)
Seat 6: marry24 collected (€0.12)



PokerStars Zoom Hand #259308759313:  Hold'em No Limit (€0.02/€0.05) - 2026/01/14 16:48:39 CET [2026/01/14 10:48:39 ET]
Table 'Asterope' 6-max Seat #1 is the button
Seat 1: NEMOXYX (€6.06 in chips) 
Seat 2: idealistslp (€4.58 in chips) 
Seat 3: FllanosB (€7.70 in chips) 
Seat 4: diou78 (€3.99 in chips) 
Seat 5: Penumbrita (€4.89 in chips) 
Seat 6: troski2010 (€1.99 in chips) 
idealistslp: posts small blind €0.02
FllanosB: posts big blind €0.05
*** HOLE CARDS ***
Dealt to idealistslp [6h 8s]
diou78: folds 
Penumbrita: folds 
troski2010: folds 
NEMOXYX: folds 
idealistslp: folds 
Uncalled bet (€0.03) returned to FllanosB
FllanosB collected €0.04 from pot
FllanosB: doesn't show hand 
*** SUMMARY ***
Total pot €0.04 | Rake €0 
Seat 1: NEMOXYX (button) folded before Flop (didn't bet)
Seat 2: idealistslp (small blind) folded before Flop
Seat 3: FllanosB (big blind) collected (€0.04)
Seat 4: diou78 folded before Flop (didn't bet)
Seat 5: Penumbrita folded before Flop (didn't bet)
Seat 6: troski2010 folded before Flop (didn't bet)



PokerStars Zoom Hand #259308759970:  Hold'em No Limit (€0.02/€0.05) - 2026/01/14 16:48:42 CET [2026/01/14 10:48:42 ET]
Table 'Asterope' 6-max Seat #1 is the button
Seat 1: ATOJ5 (€5.19 in chips) 
Seat 2: MENDACANELO (€5.21 in chips) 
Seat 3: idealistslp (€4.56 in chips) 
Seat 4: Zusiak (€6.40 in chips) 
Seat 5: mentalist1479 (€6.07 in chips) 
Seat 6: SirButterman (€5.99 in chips) 
MENDACANELO: posts small blind €0.02
idealistslp: posts big blind €0.05
*** HOLE CARDS ***
Dealt to idealistslp [Ah 5h]
Zusiak: folds 
mentalist1479: folds 
SirButterman: raises €0.10 to €0.15
ATOJ5: folds 
MENDACANELO: folds 
idealistslp: calls €0.10
*** FLOP *** [2s Jh Qh]
idealistslp: bets €0.30
SirButterman: calls €0.30
*** TURN *** [2s Jh Qh] [8s]
idealistslp: bets €0.87
SirButterman: calls €0.87
*** RIVER *** [2s Jh Qh 8s] [Tc]
idealistslp: bets €2.53
SirButterman: folds 
Uncalled bet (€2.53) returned to idealistslp
idealistslp collected €2.53 from pot
idealistslp: doesn't show hand 
*** SUMMARY ***
Total pot €2.66 | Rake €0.13 
Board [2s Jh Qh 8s Tc]
Seat 1: ATOJ5 (button) folded before Flop (didn't bet)
Seat 2: MENDACANELO (small blind) folded before Flop
Seat 3: idealistslp (big blind) collected (€2.53)
Seat 4: Zusiak folded before Flop (didn't bet)
Seat 5: mentalist1479 folded before Flop (didn't bet)
Seat 6: SirButterman folded on the River



PokerStars Zoom Hand #259308770366:  Hold'em No Limit (€0.02/€0.05) - 2026/01/14 16:49:43 CET [2026/01/14 10:49:43 ET]
Table 'Asterope' 6-max Seat #1 is the button
Seat 1: idealistslp (€5.77 in chips) 
Seat 2: Mr.Skills29 (€5.77 in chips) 
Seat 3: xXAAmONXx (€5.20 in chips) 
Seat 4: NEMOXYX (€5.79 in chips) 
Seat 5: sycolll (€5.10 in chips) 
Seat 6: GoatKeeper27 (€4.28 in chips) 
Mr.Skills29: posts small blind €0.02
xXAAmONXx: posts big blind €0.05
*** HOLE CARDS ***
Dealt to idealistslp [Ah 6s]
NEMOXYX: raises €0.10 to €0.15
sycolll: folds 
GoatKeeper27: folds 
idealistslp: folds 
Mr.Skills29: folds 
xXAAmONXx: folds 
Uncalled bet (€0.10) returned to NEMOXYX
NEMOXYX collected €0.12 from pot
NEMOXYX: doesn't show hand 
*** SUMMARY ***
Total pot €0.12 | Rake €0 
Seat 1: idealistslp (button) folded before Flop (didn't bet)
Seat 2: Mr.Skills29 (small blind) folded before Flop
Seat 3: xXAAmONXx (big blind) folded before Flop
Seat 4: NEMOXYX collected (€0.12)
Seat 5: sycolll folded before Flop (didn't bet)
Seat 6: GoatKeeper27 folded before Flop (didn't bet)



PokerStars Zoom Hand #259308772546:  Hold'em No Limit (€0.02/€0.05) - 2026/01/14 16:49:57 CET [2026/01/14 10:49:57 ET]
Table 'Asterope' 6-max Seat #1 is the button
Seat 1: ATOJ5 (€4.65 in chips) 
Seat 2: MENDACANELO (€4.04 in chips) 
Seat 3: technoboy72 (€5.17 in chips) 
Seat 4: trumoan (€2.84 in chips) 
Seat 5: pingu_771 (€11.05 in chips) 
Seat 6: idealistslp (€5.77 in chips) 
MENDACANELO: posts small blind €0.02
technoboy72: posts big blind €0.05
*** HOLE CARDS ***
Dealt to idealistslp [Jc Ts]
trumoan: folds 
pingu_771: folds 
idealistslp: folds 
ATOJ5: folds 
MENDACANELO: folds 
Uncalled bet (€0.03) returned to technoboy72
technoboy72 collected €0.04 from pot
technoboy72: doesn't show hand 
*** SUMMARY ***
Total pot €0.04 | Rake €0 
Seat 1: ATOJ5 (button) folded before Flop (didn't bet)
Seat 2: MENDACANELO (small blind) folded before Flop
Seat 3: technoboy72 (big blind) collected (€0.04)
Seat 4: trumoan folded before Flop (didn't bet)
Seat 5: pingu_771 folded before Flop (didn't bet)
Seat 6: idealistslp folded before Flop (didn't bet)



PokerStars Zoom Hand #259308773250:  Hold'em No Limit (€0.02/€0.05) - 2026/01/14 16:50:01 CET [2026/01/14 10:50:01 ET]
Table 'Asterope' 6-max Seat #1 is the button
Seat 1: Le_Supreme612 (€1.95 in chips) 
Seat 2: idealistslp (€5.77 in chips) 
Seat 3: pingu_771 (€11.05 in chips) 
Seat 4: Josskijano (€5 in chips) 
Seat 5: carsobar99 (€4.98 in chips) 
Seat 6: ATOJ5 (€3 in chips) 
idealistslp: posts small blind €0.02
pingu_771: posts big blind €0.05
*** HOLE CARDS ***
Dealt to idealistslp [3d 4s]
Josskijano: folds 
carsobar99: folds 
ATOJ5: folds 
Le_Supreme612: folds 
idealistslp: folds 
Uncalled bet (€0.03) returned to pingu_771
pingu_771 collected €0.04 from pot
pingu_771: doesn't show hand 
*** SUMMARY ***
Total pot €0.04 | Rake €0 
Seat 1: Le_Supreme612 (button) folded before Flop (didn't bet)
Seat 2: idealistslp (small blind) folded before Flop
Seat 3: pingu_771 (big blind) collected (€0.04)
Seat 4: Josskijano folded before Flop (didn't bet)
Seat 5: carsobar99 folded before Flop (didn't bet)
Seat 6: ATOJ5 folded before Flop (didn't bet)



PokerStars Zoom Hand #259308771779:  Hold'em No Limit (€0.02/€0.05) - 2026/01/14 16:49:52 CET [2026/01/14 10:49:52 ET]
Table 'Asterope' 6-max Seat #1 is the button
Seat 1: technoboy72 (€6.48 in chips) 
Seat 2: olijmandrea (€8.70 in chips) 
Seat 3: pingu_771 (€7.95 in chips) 
Seat 4: idealistslp (€5.77 in chips) 
Seat 5: oscarmol (€6.23 in chips) 
Seat 6: sikikis (€7.77 in chips) 
olijmandrea: posts small blind €0.02
pingu_771: posts big blind €0.05
*** HOLE CARDS ***
Dealt to idealistslp [9c Ks]
idealistslp: folds 
oscarmol: raises €0.06 to €0.11
sikikis: folds 
technoboy72: raises €0.26 to €0.37
olijmandrea: folds 
pingu_771: folds 
oscarmol: folds 
Uncalled bet (€0.26) returned to technoboy72
technoboy72 collected €0.29 from pot
technoboy72: doesn't show hand 
*** SUMMARY ***
Total pot €0.29 | Rake €0 
Seat 1: technoboy72 (button) collected (€0.29)
Seat 2: olijmandrea (small blind) folded before Flop
Seat 3: pingu_771 (big blind) folded before Flop
Seat 4: idealistslp folded before Flop (didn't bet)
Seat 5: oscarmol folded before Flop
Seat 6: sikikis folded before Flop (didn't bet)



PokerStars Zoom Hand #259308773688:  Hold'em No Limit (€0.02/€0.05) - 2026/01/14 16:50:03 CET [2026/01/14 10:50:03 ET]
Table 'Asterope' 6-max Seat #1 is the button
Seat 1: idealistslp (€5.75 in chips) 
Seat 2: SirButterman (€5 in chips) 
Seat 3: trumoan (€2.82 in chips) 
Seat 4: xXAAmONXx (€5.05 in chips) 
Seat 5: dream bifima (€5.07 in chips) 
Seat 6: Jorgebcn76 (€12.09 in chips) 
SirButterman: posts small blind €0.02
trumoan: posts big blind €0.05
*** HOLE CARDS ***
Dealt to idealistslp [Qd Qc]
xXAAmONXx: folds 
dream bifima: folds 
Jorgebcn76: folds 
idealistslp: raises €0.05 to €0.10
SirButterman: folds 
trumoan: calls €0.05
*** FLOP *** [Td 3h 2c]
trumoan: checks 
idealistslp: bets €0.21
trumoan: folds 
Uncalled bet (€0.21) returned to idealistslp
idealistslp collected €0.21 from pot
idealistslp: doesn't show hand 
*** SUMMARY ***
Total pot €0.22 | Rake €0.01 
Board [Td 3h 2c]
Seat 1: idealistslp (button) collected (€0.21)
Seat 2: SirButterman (small blind) folded before Flop
Seat 3: trumoan (big blind) folded on the Flop
Seat 4: xXAAmONXx folded before Flop (didn't bet)
Seat 5: dream bifima folded before Flop (didn't bet)
Seat 6: Jorgebcn76 folded before Flop (didn't bet)



PokerStars Zoom Hand #259308778127:  Hold'em No Limit (€0.02/€0.05) - 2026/01/14 16:50:30 CET [2026/01/14 10:50:30 ET]
Table 'Asterope' 6-max Seat #1 is the button
Seat 1: technoboy72 (€6.66 in chips) 
Seat 2: MelucheLeVieux (€5.28 in chips) 
Seat 3: idealistslp (€5.86 in chips) 
Seat 4: Moncerrate42 (€5 in chips) 
Seat 5: KerenR (€5.19 in chips) 
Seat 6: ICrakYrHoles (€5.61 in chips) 
MelucheLeVieux: posts small blind €0.02
idealistslp: posts big blind €0.05
*** HOLE CARDS ***
Dealt to idealistslp [Ah 8c]
Moncerrate42: folds 
KerenR: folds 
ICrakYrHoles: folds 
technoboy72: folds 
MelucheLeVieux: folds 
Uncalled bet (€0.03) returned to idealistslp
idealistslp collected €0.04 from pot
idealistslp: doesn't show hand 
*** SUMMARY ***
Total pot €0.04 | Rake €0 
Seat 1: technoboy72 (button) folded before Flop (didn't bet)
Seat 2: MelucheLeVieux (small blind) folded before Flop
Seat 3: idealistslp (big blind) collected (€0.04)
Seat 4: Moncerrate42 folded before Flop (didn't bet)
Seat 5: KerenR folded before Flop (didn't bet)
Seat 6: ICrakYrHoles folded before Flop (didn't bet)



PokerStars Zoom Hand #259308781447:  Hold'em No Limit (€0.02/€0.05) - 2026/01/14 16:50:49 CET [2026/01/14 10:50:49 ET]
Table 'Asterope' 6-max Seat #1 is the button
Seat 1: sim19ks (€6.29 in chips) 
Seat 2: loudydrix (€4.75 in chips) 
Seat 3: KerenR (€5.19 in chips) 
Seat 4: Josskijano (€5 in chips) 
Seat 5: idealistslp (€5.88 in chips) 
Seat 6: MENDACANELO (€4.83 in chips) 
loudydrix: posts small blind €0.02
KerenR: posts big blind €0.05
*** HOLE CARDS ***
Dealt to idealistslp [Jd 3c]
Josskijano: folds 
idealistslp: folds 
MENDACANELO: folds 
sim19ks: raises €0.10 to €0.15
loudydrix: folds 
KerenR: folds 
Uncalled bet (€0.10) returned to sim19ks
sim19ks collected €0.12 from pot
sim19ks: doesn't show hand 
*** SUMMARY ***
Total pot €0.12 | Rake €0 
Seat 1: sim19ks (button) collected (€0.12)
Seat 2: loudydrix (small blind) folded before Flop
Seat 3: KerenR (big blind) folded before Flop
Seat 4: Josskijano folded before Flop (didn't bet)
Seat 5: idealistslp folded before Flop (didn't bet)
Seat 6: MENDACANELO folded before Flop (didn't bet)



PokerStars Zoom Hand #259308780891:  Hold'em No Limit (€0.02/€0.05) - 2026/01/14 16:50:46 CET [2026/01/14 10:50:46 ET]
Table 'Asterope' 6-max Seat #1 is the button
Seat 1: ICrakYrHoles (€5.33 in chips) 
Seat 2: ATOJ5 (€5.05 in chips) 
Seat 3: pingu_771 (€11.05 in chips) 
Seat 4: Rourou1734 (€3.24 in chips) 
Seat 5: FllanosB (€8.23 in chips) 
Seat 6: idealistslp (€5.88 in chips) 
ATOJ5: posts small blind €0.02
pingu_771: posts big blind €0.05
*** HOLE CARDS ***
Dealt to idealistslp [3c 9d]
Rourou1734: calls €0.05
FllanosB: folds 
idealistslp: folds 
ICrakYrHoles: raises €0.15 to €0.20
ATOJ5: folds 
pingu_771: folds 
Rourou1734: raises €0.30 to €0.50
ICrakYrHoles: raises €0.75 to €1.25
Rourou1734: raises €1.99 to €3.24 and is all-in
ICrakYrHoles: calls €1.99
*** FLOP *** [Jc 5c 2h]
*** TURN *** [Jc 5c 2h] [5d]
*** RIVER *** [Jc 5c 2h 5d] [8d]
*** SHOW DOWN ***
Rourou1734: shows [As Qs] (a pair of Fives)
ICrakYrHoles: shows [Kc Ah] (a pair of Fives - Ace+King kicker)
ICrakYrHoles collected €6.22 from pot
*** SUMMARY ***
Total pot €6.55 | Rake €0.33 
Board [Jc 5c 2h 5d 8d]
Seat 1: ICrakYrHoles (button) showed [Kc Ah] and won (€6.22) with a pair of Fives
Seat 2: ATOJ5 (small blind) folded before Flop
Seat 3: pingu_771 (big blind) folded before Flop
Seat 4: Rourou1734 showed [As Qs] and lost with a pair of Fives
Seat 5: FllanosB folded before Flop (didn't bet)
Seat 6: idealistslp folded before Flop (didn't bet)



PokerStars Zoom Hand #259308782406:  Hold'em No Limit (€0.02/€0.05) - 2026/01/14 16:50:55 CET [2026/01/14 10:50:55 ET]
Table 'Asterope' 6-max Seat #1 is the button
Seat 1: loudydrix (€4.73 in chips) 
Seat 2: idealistslp (€5.88 in chips) 
Seat 3: NEMOXYX (€5.82 in chips) 
Seat 4: emiliojjv (€5.08 in chips) 
Seat 5: chiinche (€5.36 in chips) 
Seat 6: ATOJ5 (€2.91 in chips) 
idealistslp: posts small blind €0.02
NEMOXYX: posts big blind €0.05
*** HOLE CARDS ***
Dealt to idealistslp [6h 2d]
emiliojjv: folds 
chiinche: folds 
ATOJ5: raises €0.10 to €0.15
loudydrix: calls €0.15
idealistslp: folds 
NEMOXYX: folds 
*** FLOP *** [Tc Jd 2s]
ATOJ5: bets €0.12
loudydrix: calls €0.12
*** TURN *** [Tc Jd 2s] [7d]
ATOJ5: checks 
loudydrix: checks 
*** RIVER *** [Tc Jd 2s 7d] [Jc]
ATOJ5: bets €0.35
loudydrix: calls €0.35
*** SHOW DOWN ***
ATOJ5: shows [As Ad] (two pair, Aces and Jacks)
loudydrix: mucks hand 
ATOJ5 collected €1.24 from pot
*** SUMMARY ***
Total pot €1.31 | Rake €0.07 
Board [Tc Jd 2s 7d Jc]
Seat 1: loudydrix (button) mucked [7h 8h]
Seat 2: idealistslp (small blind) folded before Flop
Seat 3: NEMOXYX (big blind) folded before Flop
Seat 4: emiliojjv folded before Flop (didn't bet)
Seat 5: chiinche folded before Flop (didn't bet)
Seat 6: ATOJ5 showed [As Ad] and won (€1.24) with two pair, Aces and Jacks



PokerStars Zoom Hand #259308782930:  Hold'em No Limit (€0.02/€0.05) - 2026/01/14 16:50:58 CET [2026/01/14 10:50:58 ET]
Table 'Asterope' 6-max Seat #1 is the button
Seat 1: hnani333 (€2.34 in chips) 
Seat 2: Jorgebcn76 (€5.19 in chips) 
Seat 3: Penumbrita (€5 in chips) 
Seat 4: idealistslp (€5.86 in chips) 
Seat 5: Josskijano (€5 in chips) 
Seat 6: elpinkysharky (€2.82 in chips) 
Jorgebcn76: posts small blind €0.02
Penumbrita: posts big blind €0.05
*** HOLE CARDS ***
Dealt to idealistslp [8h 8c]
idealistslp: raises €0.05 to €0.10
Josskijano: folds 
elpinkysharky: folds 
hnani333: folds 
Jorgebcn76: calls €0.08
Penumbrita: calls €0.05
*** FLOP *** [5h 7s 7c]
Jorgebcn76: checks 
Penumbrita: checks 
idealistslp: bets €0.28
Jorgebcn76: folds 
Penumbrita: calls €0.28
*** TURN *** [5h 7s 7c] [Td]
Penumbrita: checks 
idealistslp: bets €0.82
Penumbrita: calls €0.82
*** RIVER *** [5h 7s 7c Td] [Ac]
Penumbrita: checks 
idealistslp: bets €2.38
Penumbrita: calls €2.38
*** SHOW DOWN ***
idealistslp: shows [8h 8c] (two pair, Eights and Sevens)
Penumbrita: shows [Kh 7d] (three of a kind, Sevens)
Penumbrita collected €6.90 from pot
*** SUMMARY ***
Total pot €7.26 | Rake €0.36 
Board [5h 7s 7c Td Ac]
Seat 1: hnani333 (button) folded before Flop (didn't bet)
Seat 2: Jorgebcn76 (small blind) folded on the Flop
Seat 3: Penumbrita (big blind) showed [Kh 7d] and won (€6.90) with three of a kind, Sevens
Seat 4: idealistslp showed [8h 8c] and lost with two pair, Eights and Sevens
Seat 5: Josskijano folded before Flop (didn't bet)
Seat 6: elpinkysharky folded before Flop (didn't bet)



PokerStars Zoom Hand #259308800287:  Hold'em No Limit (€0.02/€0.05) - 2026/01/14 16:52:39 CET [2026/01/14 10:52:39 ET]
Table 'Asterope' 6-max Seat #1 is the button
Seat 1: idealistslp (€2.28 in chips) 
Seat 2: Penumbrita (€8.32 in chips) 
Seat 3: MENDACANELO (€5.23 in chips) 
Seat 4: marry24 (€6.72 in chips) 
Seat 5: diou78 (€5.76 in chips) 
Seat 6: Crossnar (€5.13 in chips) 
Penumbrita: posts small blind €0.02
MENDACANELO: posts big blind €0.05
*** HOLE CARDS ***
Dealt to idealistslp [7c 8d]
marry24: raises €0.08 to €0.13
diou78: folds 
Crossnar: folds 
idealistslp: folds 
Penumbrita: calls €0.11
MENDACANELO: folds 
*** FLOP *** [Qd 6c Kh]
Penumbrita: checks 
marry24: bets €0.10
Penumbrita: calls €0.10
*** TURN *** [Qd 6c Kh] [5h]
Penumbrita: checks 
marry24: checks 
*** RIVER *** [Qd 6c Kh 5h] [Jd]
Penumbrita: checks 
marry24: checks 
*** SHOW DOWN ***
Penumbrita: shows [Th Td] (a pair of Tens)
marry24: shows [Qh 4h] (a pair of Queens)
marry24 collected €0.48 from pot
*** SUMMARY ***
Total pot €0.51 | Rake €0.03 
Board [Qd 6c Kh 5h Jd]
Seat 1: idealistslp (button) folded before Flop (didn't bet)
Seat 2: Penumbrita (small blind) showed [Th Td] and lost with a pair of Tens
Seat 3: MENDACANELO (big blind) folded before Flop
Seat 4: marry24 showed [Qh 4h] and won (€0.48) with a pair of Queens
Seat 5: diou78 folded before Flop (didn't bet)
Seat 6: Crossnar folded before Flop (didn't bet)



PokerStars Zoom Hand #259308803072:  Hold'em No Limit (€0.02/€0.05) - 2026/01/14 16:52:56 CET [2026/01/14 10:52:56 ET]
Table 'Asterope' 6-max Seat #1 is the button
Seat 1: Rucostaa (€17.67 in chips) 
Seat 2: rnb333 (€5 in chips) 
Seat 3: MakesMeRich (€5.89 in chips) 
Seat 4: idealistslp (€5 in chips) 
Seat 5: Mr.Skills29 (€8.39 in chips) 
Seat 6: GoatKeeper27 (€4.37 in chips) 
rnb333: posts small blind €0.02
MakesMeRich: posts big blind €0.05
*** HOLE CARDS ***
Dealt to idealistslp [3d 3h]
idealistslp: raises €0.05 to €0.10
Mr.Skills29: folds 
GoatKeeper27: folds 
Rucostaa: folds 
rnb333: calls €0.08
MakesMeRich: calls €0.05
*** FLOP *** [7s 7h As]
rnb333: checks 
MakesMeRich: checks 
idealistslp: bets €0.28
rnb333: calls €0.28
MakesMeRich: folds 
*** TURN *** [7s 7h As] [Kc]
rnb333: checks 
idealistslp: bets €0.82
rnb333: calls €0.82
*** RIVER *** [7s 7h As Kc] [8c]
rnb333: checks 
idealistslp: bets €2.38
rnb333: folds 
Uncalled bet (€2.38) returned to idealistslp
idealistslp collected €2.38 from pot
idealistslp: doesn't show hand 
*** SUMMARY ***
Total pot €2.50 | Rake €0.12 
Board [7s 7h As Kc 8c]
Seat 1: Rucostaa (button) folded before Flop (didn't bet)
Seat 2: rnb333 (small blind) folded on the River
Seat 3: MakesMeRich (big blind) folded on the Flop
Seat 4: idealistslp collected (€2.38)
Seat 5: Mr.Skills29 folded before Flop (didn't bet)
Seat 6: GoatKeeper27 folded before Flop (didn't bet)



